4064 6062
527 233 1394 322 §1.ourn‚urouoruussxsrrrnnsuuruoa
1692 241 1746 306 ru

165 373 838 455 sumptionemustnre‚etpresumptionem
846 372 931 436 lauti.
987 371 1039 434 diu
1066 373 1226 450 innititur,
1255 373 1354 437 donec
1376 373 1565 438 eontrarium
1587 376 1749 456 probetur.

164 466 206 528 st
225 468 354 547 quidem
380 467 618 548 oPresumptio
641 473 759 531 numne
780 491 795 528 u
824 467 934 530 dieitur
987 465 1037 529 Sis
1050 466 1171 546 dejure
1186 466 1317 548 quilibet
1336 469 1535 546 praesumitur
1556 469 1668 546 bouus,
1691 471 1750 534 uisi

164 557 230 633 ills,
245 577 317 640 que
330 560 462 624 resultet
475 579 513 623 ex
526 559 599 635 illis,
615 577 685 640 que
699 559 790 622 nobis
803 562 933 622 natura·
986 558 1136 639 probetur
1148 560 1265 634 mulum
1291 567 1325 624 ut
1345 581 1372 624 o.
1395 560 1551 625 Mandata.
1567 569 1598 626 et
1611 581 1680 643 esp.
1693 565 1748 628 ult.

165 650 237 713 liter
248 653 354 715 insunt
371 671 379 714 :
394 659 430 715 ut
454 669 542 714 umor
561 653 717 732 tiliorum,
741 654 795 732 qui
817 655 933 734 ptesu·
985 651 1018 714 b.
1033 659 1056 715 t.
1069 654 1106 714 Ει
1119 658 1259 728 eooutra,
1279 674 1295 714 a
1308 654 1404 716 semel
1418 655 1520 717 mulus
1533 673 1656 738 semper
1669 676 1749 738 pre·

165 743 262 807 mitur
275 762 350 824 erge
367 751 524 824 parentes,
547 751 580 807 ιι
597 751 733 819 econtra,
750 763 822 808 eum
842 745 932 807 uobis
986 743 1117 810 sumitur
1142 763 1211 806 esse
1239 746 1376 808 mulusa
1404 748 1563 830 (intellige,
1584 750 1617 812 in
1639 752 1751 818 eodem

165 843 208 902 ιι
219 837 330 899 insitus
342 855 361 898 ι
375 843 497 899 nature.
514 837 603 900 Unde
617 837 648 898 in
667 837 763 899 dubio
776 855 841 900 non
854 855 932 918 pre·
985 857 1100 919 genere
1114 839 1229 918 delieti,
1245 845 1277 902 et
1289 839 1350 903 uisi
1363 841 1403 903 de
1423 841 1642 906 emendatione
1656 861 1751 924 appu-

164 930 300 994 sumitur
317 936 429 1011 muter,
456 949 527 1010 que
554 948 617 992 non
645 930 744 1014 diligit
770 931 885 1007 tilium,
901 951 930 995 o.
984 934 1063 1014 reat)
1074 933 1162 1012 juxta
1175 951 1241 1015 reg.
1253 937 1282 997 8.
1295 934 1374 1012 juris
1387 934 1458 996 inti.
1471 935 1617 998 Similiter
1630 936 1749 1001 ιιιιιιιιι

164 1025 292 1104 Afferte.
307 1027 338 1087 2.
352 1024 385 1086 h.
401 1030 425 1086 t.
436 1033 529 1103 prout
538 1024 931 1104 exemplifiouttdaseardus
986 1023 1129 1105 husjuris
1143 1024 1386 1106 presumptione
1396 1026 1593 1106 presumitur
1606 1027 1684 1090 scire
1698 1045 1747 1104 en,

163 1117 454 1181 acrinetensi.
472 1121 655 1182 tutuno.
679 1119 826 1182 Similiter
843 1119 931 1198 juxte
985 1133 1055 1196 que
1083 1125 1155 1180 sunt
1181 1117 1262 1180 iaetu
1288 1119 1320 1180 in
1343 1118 1466 1195 vicinia,
1486 1138 1515 1182 o.
1543 1119 1698 1198 Οιωιόιιι.
1718 1125 1751 1185 ιι

164 1214 308 1277 Glossnm
321 1213 381 1274 loe.
398 1212 450 1277 eit.
461 1213 485 1273 si
495 1229 609 1292 persus
617 1213 826 1276 exheredavit
833 1212 932 1274 tilium
985 1227 1072 1290 seqq.
1088 1211 1120 1272 b.
1138 1217 1159 1274 t.
1176 1211 1228 1274 ubi
1242 1211 1333 1292 plum
1347 1212 1407 1274 ulie
1421 1212 1598 1293 hujusmodi
1608 1217 1750 1297 exemplu

163 1305 367 1386 eonsumitur
379 1309 489 1368 eontra
503 1323 587 1382 eum,
604 1305 688 1386 quod
701 1306 814 1385 injuste
829 1305 933 1368 exhe-
985 1303 1150 1366 habentur.

164 1398 340 1475 redererit;
358 1405 390 1462 et
408 1399 468 1461 boe
485 1405 612 1480 propter
623 1404 796 1462 'naturumr
819 1397 877 1460 nisi
892 1395 932 1460 ab
1023 1401 1073 1460 262
1096 1398 1292 1482 Presumptio
1299 1400 1382 1482 jum
1401 1401 1480 1464 etde
1491 1402 1580 1484 jaare,
1602 1401 1692 1484 qum?
1709 1435 1748 1450 -

164 1507 214 1568 eo,
230 1489 281 1554 vel
295 1493 366 1572 ejus
378 1493 567 1570 heredibus,
580 1493 664 1573 justu
679 1510 774 1554 ceusu
789 1491 929 1554 exhere-
990 1489 1221 1576 sl’resumptio
1231 1494 1312 1574 juris
1326 1501 1357 1558 et
1377 1494 1417 1557 de
1428 1495 1524 1574 jures
1549 1495 1602 1557 ille
1623 1495 1746 1575 dieitur,

162 1584 300 1648 dationis
309 1586 468 1667 probetur,
483 1586 506 1651 l.
522 1585 704 1651 omnimodo.
720 1603 748 1648 o.
765 1583 929 1666 delnoffic.
984 1593 1111 1666 propter
1141 1605 1234 1666 quam
1260 1587 1310 1649 lex
1339 1587 1455 1667 aliquid
1483 1595 1602 1652 eertum
1630 1592 1746 1654 ιιιιιιιι.

164 1676 340 1742 Tmtummt.
984 1678 1094 1740 Abbss
1107 1697 1135 1742 c.
1150 1679 1235 1743 Inter
1246 1680 1319 1744 ulia.
1334 1700 1367 1746 ιι.
1383 1684 1414 1744 s.
1430 1685 1462 1745 et
1474 1685 1505 1746 'l.
1516 1679 1552 1745 de
1563 1683 1746 1749 Immum'tut.

200 1773 254 1833 23.
282 1770 473 1854 Praesumptio
493 1772 577 1854 sacti,
599 1772 692 1856 qm'dt
713 1781 741 1835 et
758 1772 928 1855 quotuptem
983 1771 1096 1834 Bmlea.
1113 1772 1183 1836 Sive
1203 1774 1430 1855 «presumptio
1441 1775 1521 1854 juris
1542 1782 1573 1839 et
1591 1778 1631 1839 de
1640 1778 1743 1858 jures

159 1895 201 1911 -
221 1885 239 1922 ι
250 1863 455 1946 Presumptio
467 1864 566 1929 luetis
587 1867 708 1943 dieitur,
719 1865 931 1947 quandopre·
983 1872 1031 1928 est
1043 1883 1092 1944 ee,
1108 1867 1158 1928 oui
1170 1868 1223 1946 jus
1236 1869 1315 1930 adeo
1329 1867 1448 1931 fortiter
1460 1868 1612 1944 inuititur,
1629 1877 1663 1932 ut
1677 1889 1747 1932 eum

160 1955 301 2019 sumitur
311 1975 351 2020 ex
364 1959 624 2038 subsequentibus
631 1959 930 2042 tectissimspreto·
982 1956 1074 2036 plene
1088 1974 1144 2036 pro
1160 1958 1644 2024 veritatehuboudumdeoemut.
1654 1962 1746 2024 Unde

158 2050 235 2126 ritu,
263 2053 314 2114 vel
340 2047 503 2134 preteritis
530 2053 612 2117 uires
633 2054 749 2116 lutura.
770 2055 929 2134 Siquidem
982 2050 1050 2111 hee
1065 2053 1185 2113 tuntum
1200 2059 1347 2132 operetur
1362 2055 1394 2116 iu
1408 2053 1633 2134 lorojudioieli,
1648 2073 1748 2136 quam

162 2168 180 2206 n
200 2147 408 2227 Praesumptio
430 2147 503 2211 inuti
525 2167 542 2208 n
570 2147 629 2210 alia
652 2155 698 2212 est
725 2149 930 2228 precedentis
983 2145 1186 2210 tumueritss.
1212 2147 1317 2210 Abbss
1337 2163 1366 2209 e.
1388 2145 1420 2209 Is
1439 2147 1492 2229 qui
1503 2145 1601 2229 fidem,
1616 2165 1651 2210 n:
1665 2151 1694 2210 ι.
1710 2147 1748 2212 de

158 2239 247 2304 eires
268 2239 373 2304 future
398 2261 406 2303 ι
428 2247 464 2305 ut
490 2243 516 2303 si
537 2239 635 2303 semel
662 2241 868 2304 calumniatus
895 2260 929 2304 es
982 2236 1148 2318 sponsare.
1164 2239 1272 2318 Neque
1286 2239 1745 2321 reeipitprobstionemiuoou·

158 2339 273 2398 ιοιιιιιι
287 2335 517 2410 meetseren
533 2333 607 2396 velis
621 2351 671 2395 me
685 2352 842 2412 accusare
851 2351 929 2414 pre·
981 2331 1122 2405 murium,
1138 2349 1165 2394 ι.
1181 2329 1213 2394 Ia
1226 2331 1280 2414 qm'
1289 2331 1391 2414 fldem.
1405 2331 1440 2395 de
1453 2331 1617 2415 Spore-uelit.
1635 2337 1668 2396 ut
1682 2352 1747 2396 am-

160 2427 301 2490 snmitm
314 2427 400 2507 qnod
420 2445 529 2489 rursus
546 2426 623 2490 velis
637 2426 831 2501 calumniari,
850 2427 873 2490 l.
893 2426 932 2490 Sa'
981 2424 1062 2504 plius
1088 2425 1208 2489 dicetur
1235 2425 1316 2488 inire
1341 2445 1374 2489 ιι.
1404 2431 1455 2490 52.
1484 2429 1523 2491 ua
1549 2428 1658 2492 merito
1677 2429 1747 2492 heo

158 2521 222 2582 eua'.
237 2519 387 2601 §tudem
402 2519 436 2582 u.
450 2517 487 2582 de
499 2519 684 2581 decusatim.
700 2523 733 2582 et
745 2538 816 2582 eun.
832 2517 871 2582 Si
882 2539 929 2582 ec·
981 2518 1092 2580 dieitur
1118 2537 1187 2584 esse
1219 2541 1235 2580 a
1256 2519 1465 2600 Presumptio
1492 2523 1580 2600 juris,
1601 2543 1616 2583 ιι
1640 2529 1746 2604 utpote

158 2622 339 2676 emulorum.
355 2617 385 2678 3.
401 2631 433 2694 q.
450 2617 499 2678 10.
515 2621 546 2677 et
559 2631 587 2676 o.
603 2611 703 2676 Semel
714 2612 821 2675 malm.
843 2616 873 2676 8.
893 2613 929 2676 de
981 2613 1064 2675 eum'
1079 2611 1120 2676 sit
1136 2630 1156 2674 u
1177 2613 1246 2694 lege
1265 2613 1442 2678 introduets
1467 2631 1475 2675 ι
1500 2615 1592 2676 simul
1616 2635 1631 2673 ιι
1651 2618 1684 2678 ιι
1705 2614 1746 2677 de

159 2706 238 2787 Rep.
252 2707 323 2770 dur.
347 2707 379 2769 in
401 2711 422 2770 o
440 2725 515 2771 eum
527 2705 690 2770 similibus.
710 2705 798 2770 Unde
811 2704 927 2787 vulgati
978 2704 1091 2785 jures
1109 2706 1181 2785 quin
1196 2722 1292 2785 super
1303 2706 1363 2768 huo
1376 2706 1617 2787 presumptione
1630 2706 1680 2770 lex
1692 2706 1746 2768 lir-

158 2797 387 2864 ssli'rersiouli:
981 2817 1068 2860 mum
1082 2799 1213 2862 seueivit
1232 2799 1295 2878 jus,
1318 2817 1388 2862 erm
1411 2817 1468 2880 pro
1488 2799 1618 2864 veritete
1637 2800 1745 2865 haberi

981 2892 1086 2964 soluit.
1102 2891 1287 2972 Exemplum
1301 2893 1434 2957 habetur
1447 2893 1497 2958 eit.
1510 2911 1536 2957 e.
1549 2893 1580 2956 Is
1589 2893 1742 2976 quifideru.

980 2983 1015 3048 de
1046 2985 1212 3066 Sponaolr'b.
1243 2986 1283 3048 de
1312 2987 1508 3050 matrimonio
1538 2987 1642 3052 taliter
1667 3007 1746 3070 pre·

980 3086 1114 3160 sumpto.
1138 3081 1216 3142 ltem
1237 3079 1333 3142 illem.
1358 3078 1478 3142 Litteris
1498 3079 1536 3142 de
1550 3079 1669 3162 probat.
1689 3079 1743 3142 ubi

200 3176 269 3240 ulis
287 3176 517 3258 «presumptio
530 3175 603 3240 teeti
616 3199 631 3239 a
646 3181 695 3241 est
708 3177 926 3259 subsequentis
980 3177 1087 3234 eontra
1108 3173 1227 3236 litteras
1255 3173 1367 3234 summi
1393 3171 1568 3253 pontilicis,
1597 3171 1636 3235 de
1661 3171 1744 3235 tauto

155 3270 439 3351 circumuenta,
463 3271 588 3352 quando
615 3269 768 3334 nimimm'
784 3287 823 3334 ex
842 3269 925 3334 sueto
978 3265 1103 3344 proprio
1113 3265 1295 3343 attestantis,
1307 3281 1370 3326 non
1380 3264 1553 3328 admittitur
1561 3264 1701 3345 probatio
1711 3265 1744 3326 in
1830 3349 1832 3354 Δ

156 3363 362 3444 subsequenti
383 3365 581 3444 presumitur
605 3363 686 3428 eires
706 3366 923 3444 preteritum:
979 3357 1166 3438 oppositum·
1181 3357 1265 3422 'lulis
1278 3358 1372 3422 etium
1387 3357 1589 3440 presumptio
1606 3357 1696 3438 juris,
1713 3363 1744 3420 tl

156 3475 231 3520 uum
254 3457 350 3538 aliqui
377 3458 513 3522 seeumti
540 3457 666 3522 luerunt
693 3459 732 3522 de
759 3459 923 3538 adulterio,
978 3453 1017 3515 de
1028 3455 1110 3532 jure,
1120 3457 1176 3516 est
1189 3457 1297 3516 eontra
1311 3455 1458 3532 tutorem,
1473 3451 1558 3534 quod
1570 3453 1675 3514 resin
1696 3452 1744 3514 in·

156 3551 244 3631 quod
257 3551 456 3632 depellebant
468 3559 622 3632 pretextu
636 3553 922 3635 consanguinitatis,
978 3547 1116 3610 reuterio
1130 3546 1170 3609 ub
1188 3547 1299 3610 eodem
1313 3547 1476 3628 descripte
1489 3564 1562 3610 vere
1581 3545 1697 3610 ιιιιιιιιι
1710 3545 1742 3608 in

155 3647 185 3707 si
202 3650 313 3726 postea
334 3645 367 3706 ιιι
387 3647 619 3709 matrimonium
643 3663 676 3710 se
695 3647 922 3728 conjunxerint,
977 3641 1066 3704 bouis
1086 3639 1242 3714 ιιιιιιιιιιι,
1265 3641 1287 3704 l.
1312 3641 1365 3704 ult.
1387 3660 1416 3705 e.
1441 3639 1608 3704 Arbitrium
1632 3639 1740 3702 tutelae.

155 3737 483 3822 presumiturtucinus
492 3739 697 3818 preteritum,
709 3740 749 3802 ds
759 3732 821 3819 quo
831 3743 924 3802 antea
977 3735 1165 3797 Omittuntur
1191 3733 1252 3796 ulie
1271 3732 1450 3812 hujusmodi
1480 3734 1643 3813 exemplu,
1671 3749 1741 3824 que

156 3831 286 3894 luerunt
302 3831 449 3905 accusati,
475 3831 498 3894 l.
522 3829 562 3894 Si
582 3833 636 3914 qui
651 3831 799 3896 adulterii.
821 3852 850 3895 ι.
873 3829 926 3895 Ad
978 3829 1084 3892 tllosss
1096 3827 1152 3889 fin.
1168 3827 1219 3889 eit.
1235 3843 1263 3887 o.
1278 3825 1309 3889 Is
1322 3827 1376 3908 qm'
1386 3825 1484 3908 fidem.
1502 3830 1534 3904 t.
1547 3825 1742 3909 Contreproe·

156 3923 213 4005 lep.
228 3923 293 3986 lut.
309 3923 345 3987 de
357 3923 531 3997 Adulterir's,
547 3943 618 3988 eum
632 3925 796 3990 similibus.
977 3921 1163 4004 sumptionem
1176 3920 1214 3984 de
1226 3919 1393 4003 Spomattt.
1410 3919 1549 3987 adducit.

194 4017 751 4100 21.Ρνιιιιιιιιριιοιιινιιιιιόιιιιιιιιιιη
760 4017 857 4083 erate
869 4027 921 4082 est.
1016 4017 1066 4078 ιι.
1088 4012 1282 4096 Proeaumptio
1302 4011 1385 4093 jum
1410 4010 1551 4095 qmnrodo
1578 4009 1741 4091 differatur

154 4113 297 4194 -Resp
311 4113 348 4175 II.
363 4113 564 4192 presumptio
571 4114 650 4194 juris
664 4114 874 4177 subdividitur
890 4115 922 4176 in
976 4107 1091 4190 fictione
1104 4106 1207 4191 justo?
1232 4107 1399 4172 Renusive.
1422 4139 1460 4153 -
1483 4109 1654 4182 Ceterum,
1678 4125 1741 4186 qua

154 4203 433 4286 presumptionem
442 4205 521 4284 juris
534 4211 667 4282 tuntum,
679 4214 710 4269 et
725 4207 756 4269 in
772 4223 923 4288 presum-
976 4203 1095 4266 ratione
1109 4203 1307 4284 presumptio
1327 4203 1405 4282 juris
1428 4202 1549 4266 differet
1571 4220 1591 4263 u
1614 4201 1740 4265 ιιιιιοιιι

154 4301 298 4381 ptiouem
308 4297 387 4379 juris
400 4301 433 4362 et
445 4298 572 4378 dejure.
584 4299 630 4362 lte
639 4299 744 4361 Abbus
754 4317 783 4362 o.
796 4299 919 4376 (ιιιαιιιο.
971 4296 1061 4377 juris,
1078 4297 1213 4378 quidque
1228 4299 1267 4360 sit
1279 4296 1361 4360 fictio
1376 4297 1474 4376 juris,
1498 4296 1616 4376 fusius,
1641 4300 1736 4376 atque

154 4412 186 4454 n.
203 4395 235 4455 3.
251 4393 285 4454 h.
298 4397 323 4456 t.
339 4396 371 4455 ιι
392 4393 564 4456 communis
586 4393 727 4456 eborum.
750 4393 838 4456 itatio
861 4396 920 4471 est,
975 4411 1014 4454 ex
1026 4391 1167 4472 prolesso
1180 4391 1297 4454 dictum
1310 4389 1368 4453 luit
1379 4391 1433 4452 lib.
1448 4391 1471 4452 l.
1489 4390 1534 4453 tit.
1549 4391 1585 4454 ll.
1601 4387 1645 4452 De
1660 4387 1737 4454 Con·

154 4485 231 4564 quis
243 4485 431 4564 quandoque
442 4484 495 4563 jus
507 4483 668 4563 presumit
678 4483 921 4564 aliquidexoon-
974 4483 1179 4548 stitutionttm.
1193 4483 1211 4564 §
1224 4486 1253 4546 8.
1271 4501 1302 4545 ιι.
1319 4487 1386 4550 176.
1403 4489 1434 4546 et
1449 4485 1516 4547 aar.
1532 4501 1570 4546 eo
1583 4501 1670 4565 seqq.

150 4577 565 4658 J‘euturisintsutumquod
579 4593 674 4660 super
687 4579 924 4662 illspresump-
1013 4583 1061 4642 ιιι.
1084 4575 1280 4658 Presumptto
1319 4575 1440 4638 laminis
1475 4583 1518 4638 art
1547 4575 1669 4658 tapies.
1698 4609 1737 4626 -

153 4673 240 4736 tione
262 4671 337 4751 quid
356 4674 477 4734 eertum
503 4675 634 4747 ιιιιιιιι,
660 4671 798 4752 illudque
824 4671 920 4735 veluti
973 4671 1068 4751 Resp.
1081 4673 1131 4734 lIl.
1153 4667 1354 4749 Presumptio
1377 4667 1510 4730 hominis
1532 4672 1580 4732 est
1598 4669 1734 4750 triplex:

151 4766 353 4829 verissimum
366 4763 475 4826 heberi
487 4765 585 4827 velit:
609 4771 640 4827 et
657 4764 725 4828 hee
745 4766 921 4847 appelletur
973 4764 1115 4828 videlieet
1126 4763 1271 4836 violenta,
1287 4759 1467 4842 probabilis,
1483 4764 1515 4824 et
1527 4761 1603 4824 levis
1617 4780 1673 4824 seu
1687 4764 1733 4824 te-

155 4858 391 4940 uPraesumptio
414 4857 493 4937 juris
511 4866 542 4920 et
562 4857 695 4938 dejure.
710 4880 726 4919 ιι
745 4857 919 4938 Aliquando
973 4857 1116 4920 meraris.
1133 4859 1178 4920 ltu
1195 4855 1377 4918 eommunis.
1394 4855 1482 4918 Retio
1496 4860 1553 4928 est,
1569 4856 1642 4934 quis
1655 4869 1736 4934 pre-

149 4959 260 5014 autem
273 4952 323 5030 jus
336 4951 453 5032 aliquid
467 4952 646 5032 presumit,
672 4949 728 5014 sed
751 4967 845 5030 super
863 4967 921 5014 sua
974 4949 1107 5030 sumptio
1123 4955 1169 5013 ost
1181 4950 1310 5012 eolleetu
1324 4965 1360 5010 ex
1374 4948 1507 5023 indioiis,
1524 4949 1568 5010 uti
1583 4948 1681 5028 liquet
1695 4965 1733 5012 en

148 5045 396 5126 presumptione
410 5046 531 5108 nonita
546 5045 648 5107 firmet
661 5044 768 5124 pedes,
780 5051 813 5106 ut
826 5061 920 5126 super
972 5045 1039 5126 eJ'us
1053 5043 1230 5106 delinitione
1239 5059 1271 5105 n.
1287 5045 1317 5104 3.
1332 5042 1426 5106 slluts
1438 5061 1446 5104 ι
1456 5039 1540 5122 atqui
1555 5041 1734 5120 hujusmodi

148 5141 337 5202 illusertum
351 5137 427 5219 quid
441 5143 580 5202 sutum:
602 5145 633 5202 et
651 5137 720 5200 hee
742 5137 920 5220 simpliciter
971 5137 1086 5201 indicia
1112 5135 1298 5218 quandoque
1321 5140 1395 5200 suut
1417 5136 1532 5218 grevia,
1561 5133 1610 5196 vel
1638 5134 1731 5197 etiem

148 5239 280 5298 vocetur
297 5231 530 5314 sPresumptio
541 5235 631 5314 juris.
648 5255 663 5293 n
680 5233 810 5314 Itsqus:
970 5232 1122 5306 ιιοιιιιιιις
1139 5229 1324 5310 quaudoque
1337 5229 1430 5306 levis,
1448 5229 1495 5292 ael
1509 5227 1602 5290 etium
1617 5226 1734 5290 nullus

190 5329 242 5390 25.
266 5323 463 5409 Proemmpta'o
477 5325 560 5412 jms'a
583 5333 707 5390 tanturm.
728 5358 769 5374 -
795 5347 809 5387 o
831 5327 916 5391 Proe-
970 5325 1135 5401 momenti;
1150 5342 1235 5406 ergo.
1251 5326 1377 5405 ltsque:

147 5418 288 5500 sumptio
293 5416 403 5498 juris»
420 5425 542 5483 tentum
555 5424 605 5483 est
617 5420 679 5497 ills,
695 5421 744 5484 eui
760 5421 813 5502 jus
836 5428 916 5485 mm-
1008 5423 1058 5482 se.
1085 5417 1279 5482 Veterum-
1301 5413 1531 5496 «Presumptio
1544 5413 1692 5492 uiuleute,
1708 5437 1723 5476 ιι

256 2960 343 3010 Rumor
353 2959 382 3010 ds
390 2959 463 3010 reteri
475 2957 543 3010 taeiet
554 2961 651 3010 return
661 2958 746 3008 timeri.

284 3035 341 3085 cres
351 3037 461 3098 poterunt
472 3035 523 3084 liert
536 3035 623 3100 turpia,
635 3034 694 3085 sioast
704 3034 764 3085 herl.
