4016 6056
318 215 379 278 otu

319 345 364 412 ue
374 351 512 428 potem
525 343 764 408 Reuerendiuim.
783 343 824 406 D.
843 342 1081 422 emmeant,

506 447 535 503 et
546 438 750 502 amrelmum
763 438 899 521 reqeuu'e.

358 576 409 635 is.
436 571 578 649 cPrimo,
595 571 679 653 quod
688 569 784 651 possit
795 569 987 634 committere
997 569 1088 632 abso·

320 668 471 732 lotionem
484 667 620 742 illorum,
636 667 689 746 qui
703 666 883 746 ignoranter
891 665 925 726 in
935 663 1088 744 supplica-

240 823 245 838 ,
320 761 467 840 tionibus,
497 758 546 824 vel
573 759 606 820 in
632 757 742 821 litteris
769 757 944 840 apostolicis
972 753 1090 836 aliquid

322 855 503 932 scriberent,
519 853 723 934 corrigerent,
737 854 789 916 vel
802 852 953 916 delerent.

367 951 483 1025 ollem,
500 948 583 1030 quod
597 949 697 1030 possit
717 948 873 1030 corrigere
896 945 1035 1021 nomina,
1059 947 1090 1008 et

322 1043 508 1124 cognomina
523 1059 738 1123 personarum,
754 1061 818 1103 non
838 1046 947 1105 tamen
967 1056 1089 1114 eorum,

323 1137 437 1218 quibus
449 1137 568 1220 gratie,
583 1141 615 1200 et
628 1138 845 1198 concessiones
865 1135 954 1212 fiunt,
978 1152 1015 1196 ac
1035 1135 1091 1196 be·

322 1230 517 1310 aeficiorum,
533 1230 608 1293 dum
622 1235 728 1293 umen
742 1230 781 1292 dc
802 1247 932 1311 corpore
957 1228 1088 1290 constet.

369 1346 384 1382 o
397 1327 485 1400 imm,
499 1323 584 1404 quod
597 1325 695 1405 possit
714 1341 824 1386 omnes
844 1341 955 1385 causas
976 1319 1091 1384 benefi-

324 1419 430 1494 ciales,
455 1419 547 1482 etiam
570 1436 633 1479 nun
657 1416 819 1480 devolutas
841 1417 1036 1479 committere
1058 1415 1091 1477 in

325 1513 427 1585 Guria,
443 1530 513 1574 cum
528 1515 679 1593 potestate
694 1510 810 1574 citandi
825 1509 995 1592 adportes.

369 1607 484 1680 ultam,
500 1607 584 1686 quod
597 1623 759 1687 processus
773 1603 942 1686 apostolica
959 1601 1093 1665 auctori·

325 1705 387 1762 tete
401 1699 543 1764 decretos
562 1718 732 1782 aggravere
754 1699 851 1780 possit
872 1715 944 1761 cum
967 1697 1093 1759 invoca-

325 1795 410 1856 tione
431 1793 549 1856 brachii
563 1794 735 1870 secularis3
753 1801 783 1856 et
798 1791 966 1856 sententias
981 1808 1094 1853 execu-

326 1885 402 1950 tioni
429 1887 613 1950 demandari
634 1887 737 1949 facere
761 1890 869 1948 contra
890 1882 1037 1958 intrusos,
1063 1885 1095 1945 et

326 1978 531 2042 intrudendus
545 1999 602 2063 per
614 1980 732 2044 litteras
746 1976 940 2058 spostolicae
959 1975 1095 2056 desuper

325 2071 545 2148 conficiendas,
561 2081 591 2137 et
606 2092 670 2138 nou
684 2075 773 2136 alias.

370 2166 476 2228 ritem
490 2166 574 2246 quod
588 2167 687 2248 possit
708 2165 832 2248 signare
854 2161 1095 2246 supplicationes

327 2258 472 2322 manibus
492 2257 625 2322 duorum
645 2256 925 2330 referendariorum
945 2257 1092 2337 signatas,

327 2351 367 2414 dc
392 2352 553 2415 beneficiis
580 2351 795 2432 ecclesiasticis
822 2348 1035 2427 secularibus,
1065 2348 1096 2412 et

327 2445 523 2526 regularibus
550 2445 744 2526 dispositioni
770 2445 880 2527 Apost.
910 2442 1096 2526 generaliter

326 2555 390 2600 non
406 2538 579 2614 reservatis,
596 2557 729 2619 quornm
744 2537 909 2618 cujuslibet
921 2539 1009 2601 valor
1023 2553 1097 2599 cen·

329 2639 393 2694 tum
408 2633 597 2695 florenorum
609 2633 676 2694 auri
690 2633 730 2695 de
744 2633 887 2708 Camers,
902 2631 951 2694 vel
964 2629 1095 2693 totidem

327 2723 476 2788 librarum
489 2731 632 2790 turonen.
649 2742 827 2806 parvorum,
843 2744 901 2789 seu
915 2724 1046 2788 totidem
1061 2723 1095 2784 in

328 2819 390 2882 alis
403 2825 529 2883 moneta
551 2838 749 2884 communem
773 2819 1019 2895 estimationem,
1043 2833 1096 2879 ve·

330 2911 427 2978 torem
440 2933 580 2977 annuum
593 2933 657 2978 nou
672 2915 810 2978 excedet.

373 3007 477 3070 ultem
492 3007 575 3088 quod
589 3009 686 3088 possit
709 3009 832 3090 signare
853 3005 1095 3088 supplicationes

330 3100 425 3164 ctiam
440 3099 573 3162 duorum
587 3101 867 3164 referendariorum
887 3099 1033 3164 manibus
1054 3098 1096 3160 si·

330 3199 441 3277 gnatam
455 3193 495 3255 de
508 3194 596 3255 novis
614 3194 853 3275 provisionibus,
878 3195 905 3255 si
926 3193 1040 3271 neutri,
1066 3196 1098 3254 et

330 3287 602 3368 subrogationibus
615 3306 672 3370 pro
687 3287 916 3370 colligentibus,
933 3287 965 3350 in
982 3287 1097 3369 quibus

331 3399 394 3442 non
408 3380 498 3443 detur
511 3377 649 3444 clausula
665 3383 843 3464 generalem
855 3380 1097 3446 reservationem

331 3473 512 3555 importans.

377 3587 392 3626 u
404 3569 494 3642 Item,
506 3566 593 3648 quod
606 3567 702 3649 possit
721 3565 762 3630 sd
783 3565 908 3630 ordines
927 3566 1099 3648 suscipien-

332 3661 390 3724 dos
416 3659 541 3724 arctatis
567 3677 736 3742 prorogare
763 3661 912 3724 terminos
943 3661 983 3724 de
1009 3660 1098 3724 dictis

309 3753 537 3834 suscipiendis
564 3754 734 3830 ordinibus,
764 3771 863 3836 usque
890 3755 931 3817 ad
958 3754 1097 3835 proxima

332 3851 407 3910 tunc
429 3865 448 3908 a
467 3847 538 3928 jure
559 3853 673 3910 statuta
695 3855 836 3930 tempora
863 3849 896 3910 in
916 3849 1027 3930 quibm
1054 3851 1098 3912 sic

333 3941 441 4003 arctati
463 3940 636 4004 successive
658 3941 699 4004 ad
721 3943 804 4024 ipsos
827 3941 951 4006 ordines
976 3960 1098 4024 promo·

334 4041 508 4100 veantur.»

398 4195 511 4272 Placet,
525 4194 721 4277 puilbentur,
736 4193 937 4259 describentur
951 4195 979 4260 1.
994 4193 1033 4262 F.

380 4333 519 4418 «tecm,
543 4347 574 4408 et
596 4343 758 4424 publicata
781 4342 908 4405 fuerunt
930 4344 1102 4425 suprascri-

336 4433 396 4520 piae
410 4437 537 4516 regule,
563 4436 785 4514 ordinationes,
811 4443 842 4500 et
865 4439 1101 4502 constitutiones

336 4527 369 4594 in
391 4529 580 4592 Cancellarie
603 4531 772 4612 apostolica
793 4530 834 4593 ab
855 4550 919 4594 unu
943 4549 981 4594 ex
1003 4533 1039 4594 R.
1063 4533 1100 4596 n.

336 4621 395 4687 PP.
418 4619 482 4686 uu.
506 4623 633 4701 majoris
656 4622 861 4703 praesidentia
882 4617 1104 4688 abbreviatori-

337 4715 397 4781 bus
411 4731 494 4779 auno
507 4715 730 4780 iucarnationis
750 4717 918 4779 Dominice
938 4718 1103 4782 millesime

338 4809 623 4894 septingentesimo,
652 4809 704 4872 dis
737 4828 816 4880 vero
841 4809 961 4874 decima
993 4820 1103 4892 quarta

338 4905 455 4970 mensis
469 4899 643 4966 decembris
650 4903 847 4984 pontificatus
856 4906 1007 4986 prelibati
1017 4925 1105 4972 sanc·

338 4997 404 5066 tiss.
433 4998 557 5062 Domini
583 4999 686 5062 Nostri
714 4999 926 5064 olusianus
953 5001 992 5064 Xl
1020 5018 1103 5064 anno

339 5107 449 5174 primo.
904 5121 907 5130 ’

410 5231 544 5320 olosepir
557 5235 656 5302 Mario
669 5235 834 5303 Minicctitu
845 5249 1003 5323 procustes.
1019 5261 1034 5305 r

506 213 576 278 Lib.
598 214 646 278 fll.
668 211 878 276 unumst.
900 211 972 274 uu.
994 211 1031 272 V.
1054 209 1350 274 aerumnosius
1370 211 1422 274 El*
1439 208 1711 277 brumalibus.

1454 345 1472 425 §
1493 345 1582 410 xvn.

1139 493 1304 545 SOLWMUR
1329 496 1420 544 vania
1447 497 1536 543 bunis
1563 496 1649 544 cinca
1675 497 1810 545 nauus
1835 497 1904 543 Gal·

1180 587 1353 636 causam:
1385 589 1433 637 Ubi
1463 589 1501 636 ET
1527 589 1564 636 DE
1593 591 1726 638 llt'beSIS
1757 591 1791 638 Hi
1819 591 1904 640 Bm·

1181 681 1268 730 tucio.

1182 816 1251 878 489.
1273 812 1441 894 sepulum
1461 812 1654 894 macellum,
1668 833 1721 892 css,
1737 821 1768 878 et
1790 814 1908 898 quoties

1143 906 1174 970 ia
1194 905 1309 989 judicu
1335 909 1394 970 sict
1418 905 1683 990 producmdet-
1708 908 1867 981 Quaeritur
1886 913 1906 973 l.

1143 1001 1204 1078 lin,
1220 1006 1253 1061 et
1274 998 1408 1078 qualiter
1429 999 1598 1080 injudicio
1619 1001 1833 1082 producendas
1853 1003 1907 1065 sint

1143 1091 1260 1175 regulae
1284 1093 1909 1178 mucsmnernmp.1.uouocdtspc

1144 1186 1228 1250 nitur
1243 1203 1299 1266 per
1313 1187 1454 1268 proxime
1467 1186 1597 1250 relatam
1610 1189 1756 1270 regulam
1769 1193 1821 1254 Β.
1842 1191 1907 1252 ulte

1144 1279 1262 1359 regulis
1284 1280 1485 1342 Gmoellanoe
1513 1279 1743 1360 producendis,
1765 1305 1781 1342 r
1808 1281 1910 1344 inscri-

1144 1376 1241 1453 pum.
1266 1372 1347 1444 Ouia
1368 1373 1453 1434 enirn
1469 1373 1560 1453 juxta
1580 1374 1766 1438 vmietatem
1785 1393 1910 1437 concur

1145 1463 1281 1526 rentium
1296 1480 1473 1538 musarum,
1484 1471 1516 1526 et
1529 1463 1740 1544 negotiorum,
1753 1464 1908 1546 aliquoties

1146 1555 1304 1618 immutari
1344 1557 1491 1618 convenit
1529 1556 1654 1637 regulus
1689 1557 1906 1621 Cancellarite:

1146 1647 1219 1708 hino
1246 1663 1340 1728 super
1365 1647 1527 1728 probando
1555 1666 1663 1711 earum
1690 1656 1803 1713 tenore
1827 1651 1910 1732 jubet

1146 1738 1302 1818 Pontifex,
1317 1757 1381 1802 uon
1400 1757 1468 1804 esse
1491 1741 1637 1804 annuum
1659 1741 1752 1806 dictis
1775 1743 1907 1818 medum

1148 1839 1255 1915 utpote
1268 1837 1413 1898 tenacem
1427 1835 1563 1917 desuper
1576 1836 1765 1898 memoriam
1777 1837 1907 1917 plerum·

1148 1944 1210 2008 que
1224 1945 1286 1990 nou
1300 1928 1485 1992 habentium
1500 1947 1508 1990 :
1525 1929 1581 1992 aed
1594 1929 1708 2009 voluit,
1723 1936 1820 2010 atque
1833 1930 1907 1992 ordi-

1147 2021 1248 2096 navit,
1273 2028 1307 2084 ut
1324 2022 1446 2102 judices
1469 2022 1501 2084 in
1520 2022 1590 2102 ipsa
1609 2023 1705 2086 Cuma
1731 2023 1907 2087 auctoritate

1148 2113 1318 2196 apostolica
1332 2113 1482 2194 deputati,
1494 2132 1588 2196 super
1601 2115 1784 2195 huiusmodi
1797 2123 1905 2192 uuum,

1149 2215 1180 2272 et
1193 2209 1306 2272 affectu
1319 2208 1480 2290 probando
1495 2209 1750 2284 duntaxststent,
1761 2209 1905 2290 iidemque

1147 2301 1315 2364 adhibeant
1329 2301 1505 2378 sebednle,
1522 2319 1579 2366 seu
1592 2302 1769 2383 scripture,
1782 2303 1824 2366 ad
1835 2319 1906 2383 pre·

1148 2393 1232 2458 vum
1254 2392 1462 2474 indigentium
1483 2394 1745 2476 supplicationem
1763 2395 1904 2458 sduobus

1148 2485 1274 2566 majoris
1288 2486 1494 2566 presidentis
1507 2487 1633 2566 mnne,
1645 2493 1803 2569 etatergo
1812 2487 1904 2569 ugur-

1148 2585 1200 2658 te,
1216 2584 1247 2642 et
1269 2578 1363 2642 etiam
1386 2599 1406 2643 a
1427 2581 1550 2644 duobus
1572 2581 1641 2642 abis
1653 2580 1829 2644 litterarum
1840 2599 1904 2662 apo-

1149 2671 1328 2736 stolicarum
1341 2673 1609 2738 abbreviatoribns
1629 2675 1663 2736 in
1681 2675 1751 2756 ipsa
1765 2673 1905 2738 cumn·

1148 2765 1195 2828 ria
1208 2767 1388 2843 ausculatae,
1408 2775 1441 2832 st
1462 2767 1706 2832 vicecancellarii
1727 2787 1825 2831 mauu
1845 2768 1905 2830 sub

1150 2858 1284 2938 scripte.
1304 2859 1488 2940 «Quidquid
1510 2868 1617 2924 eutem
1630 2875 1722 2924 secus
1742 2861 1809 2924 fieri
1821 2861 1904 2922 conti·
1989 2849 1990 2876 ²

1150 2954 1242 3034 gerit,
1258 2953 1374 3016 nullius
1389 2954 1428 3018 sit
1439 2955 1579 3032 roboris,
1594 2956 1644 3018 vel
1657 2955 1846 3032 momentis
1866 2957 1904 3017 in·

1150 3047 1218 3126 quit
1229 3045 1369 3128 pontifex
1382 3047 1416 3110 in
1429 3048 1646 3130 subregulo
1658 3052 1709 3115 28.
1725 3055 1818 3130 prout
1828 3053 1903 3130 prte-

1150 3139 1196 3204 bit
1209 3158 1280 3204 eam
1292 3141 1421 3222 legenti.
1988 3197 1989 3228 3

1189 3237 1260 3298 490.
1289 3234 1442 3300 Sententiis
1468 3235 1531 3300 tuta
1552 3235 1661 3320 repe&
1687 3253 1746 3298 uos
1770 3233 1902 3319 potuum
1988 3229 1989 3240 ‘

1150 3327 1289 3406 cuisbtit,
1306 3329 1424 3411 quoodo
1433 3349 1505 3412 porc
1518 3328 1641 3394 udum
1656 3349 1715 3392 uer
1727 3331 1837 3414 ensem
1846 3349 1901 3391 coa·

1152 3430 1198 3485 bu
1211 3421 1274 3486 too.
1300 3423 1422 3500 maudo
1433 3423 1532 3507 judea
1552 3423 1625 3506 [coit
1637 3433 1747 3502 muca,
1762 3425 1815 3509 qui
1823 3431 1901 3506 potest

1152 3534 1209 3580 esse
1227 3517 1440 3600 prejudiciale
1459 3518 1562 3601 parti,
1592 3519 1677 3582 dedet
1696 3539 1771 3601 perv
1788 3535 1901 3602 capram

1151 3611 1370 3676 teotradum:
1384 3612 1460 3675 ulios
1482 3613 1540 3674 sibi
1557 3611 1749 3694 prejudint.
1766 3647 1802 3660 -
1822 3613 1898 3690 itesp.

1151 3707 1188 3768 ll.
1205 3705 1260 3768 His
1274 3709 1380 3769 tumen
1393 3707 1677 3784 nonobstantibus,
1693 3707 1841 3770 senentis
1851 3705 1900 3766 lata

1151 3800 1268 3879 regulis
1296 3818 1360 3862 nun
1386 3799 1546 3880 productis
1569 3801 1601 3862 in
1622 3800 1724 3864 iorrna
1744 3799 1901 3880 prescripta

1152 3892 1301 3974 subsistit,
1317 3894 1443 3974 quaudo
1466 3911 1538 3976 pars
1561 3894 1693 3958 adversa
1716 3911 1781 3955 non
1800 3890 1900 3970 excepi

1153 3994 1262 4054 conns
1280 3988 1350 4052 boc.
1372 3988 1417 4050 lts
1440 3989 1533 4050 ioan.
1559 3987 1846 4065 eGbukiorinreg.
1859 3983 1899 4043 it.
1986 4055 1987 4058 Ἴ

1153 4081 1249 4161 (nunc
1275 4084 1338 4162 28.)
1367 4081 1587 4158 Gancellarier,
1615 4099 1688 4162 qum
1723 4077 1897 4148 inscribitur,

1158 4179 1231 4240 ulie
1253 4176 1369 4258 regulis
1391 4176 1589 4240 cancellarie
1607 4173 1826 4256 producendis:
1845 4187 1897 4230 ru.

1155 4274 1203 4336 18.
1219 4270 1358 4350 allegans
1381 4270 1547 4350 plerosque
1570 4285 1681 4332 omues
1700 4268 1732 4330 in
1745 4267 1899 4329 dictante·

1155 4365 1261 4447 gulem
1283 4363 1454 4426 scribentes
1466 4383 1475 4438 ;
1499 4369 1594 4442 utque
1618 4363 1734 4442 stylum
1746 4359 1838 4422 Curia
1850 4356 1897 4415 llo·

1155 4477 1268 4537 mane,
1282 4457 1496 4538 requirentem
1507 4475 1565 4537 pro
1585 4453 1763 4519 inducenda
1780 4451 1896 4514 nullitate
1985 4511 1986 4546 ἒ

1157 4559 1336 4632 gesturum,
1362 4551 1447 4632 quod
1469 4550 1641 4632 excipietur
1662 4549 1704 4612 de
1725 4547 1828 4628 regule
1848 4557 1895 4604 που
1985 4549 1986 4564 ’

1155 4645 1294 4728 legitime
1317 4647 1478 4728 producta.
1502 4645 1631 4708 Accedit
1652 4643 1753 4706 ratio:
1772 4639 1838 4722 quis
1855 4634 1896 4696 de·

1156 4745 1277 4803 cretum
1304 4740 1380 4803 illud
1405 4737 1532 4802 irritans
1556 4740 1588 4800 in
1606 4738 1671 4800 bne
1694 4737 1791 4800 citata
1803 4729 1894 4832 legul}

1156 4833 1345 4915 appositum,
1365 4834 1460 4896 habet
1479 4832 1606 4897 uotum
1626 4829 1844 4900 conditionem
1863 4839 1895 4882 u·

1156 4927 1279 5006 delicet,
1295 4928 1321 4989 si
1345 4927 1382 5004 is,
1397 4929 1487 5008 cujus
1500 4927 1638 4990 favorem
1660 4922 1793 5004 respicit
1808 4916 1892 4984 ulcu

1156 5022 1202 5084 uti
1223 5021 1366 5099 voluerit,
1382 5039 1449 5102 arg.
1465 5021 1486 5084 l.
1503 5029 1535 5084 et
1557 5020 1728 5102 eleganter.
1742 5018 1761 5098 ᾖ
1774 5021 1800 5080 l.
1811 5013 1891 5112 iuuet

1157 5115 1267 5179 illoesa
1291 5119 1322 5192 i.
1345 5115 1480 5180 Nullum.
1507 5117 1540 5178 tf.
1555 5114 1591 5177 de
1608 5112 1685 5177 nou
1697 5111 1783 5174 aab.
1796 5109 1890 5181 ΟΜΝ·

1157 5209 1241 5272 enim
1264 5213 1369 5272 autem
1386 5209 1484 5289 judex
1505 5208 1577 5272 facit
1599 5214 1725 5282 actum,
1747 5203 1798 5288 qui
1816 5197 1888 5282 1³⁰toei
1978 5219 1985 5244 l

1157 5321 1227 5367 csse
1241 5303 1460 5384 praejudicialis
1473 5303 1564 5384 parti,
1579 5303 1676 5366 debet
1687 5317 1761 5383 pure
1776 5301 1884 5376 extu*

1158 5399 1389 5466 mnusdicere:
1405 5398 1483 5463 alius
1496 5399 1554 5462 sibi
1567 5397 1760 5493 praejudicet,
1773 5409 1828 5472 ers·
1838 5385 1852 5447 i
1864 5381 1881 5443 ¹·
