4026 6054
539 271 613 394 air.
635 313 685 374 ou
705 309 932 374 arsionum
951 307 1228 380 arasaoronuu.
1305 292 1309 302 '
1412 290 1441 340 ·'

91 447 327 512 abscedentium
348 445 543 510 conscientia
571 443 728 526 relinquit,
758 463 854 524 quarn

92 549 194 624 sperat
215 532 413 620 religiosam,
436 547 467 604 et
488 542 663 604 timoratam
681 539 766 613 iore:
784 557 855 602 cum

90 639 152 698 Deo
176 636 272 698 corda
290 638 437 716 pateant,
452 635 543 712 cuias
558 653 636 716 opus
649 652 712 695 non
727 633 855 696 baudu-

91 733 192 794 lenter
204 747 311 811 agere,
327 745 384 790 auo
397 727 535 804 periculo
550 733 704 790 tenantur.
720 727 855 790 Eosdem

91 823 213 885 interim
228 821 389 893 admonet,
406 817 483 882 etin
497 819 628 880 Domino
642 820 800 899 hortatur,
814 839 855 884 ne

91 935 146 997 per
154 916 238 978 illios
250 913 401 993 temporis
414 911 560 994 spatium,
570 913 721 976 Dominici
736 915 857 978 Adven-

91 1019 150 1084 tas,
166 1007 432 1088 Quadragesimae,
448 1005 630 1084 Natiuitatis,
647 1009 857 1070 Resurrectio·

91 1103 138 1164 nis
165 1101 301 1178 Domini,
325 1101 523 1162 Pentecostes
542 1100 628 1173 item,
654 1106 686 1163 et
713 1101 856 1182 Corporis

91 1195 203 1262 Christi
228 1194 356 1271 diebus,
381 1193 494 1273 quibus
515 1193 603 1256 retici
617 1195 762 1271 maxime,
780 1202 811 1258 et
823 1197 856 1256 in

90 1290 223 1352 Domino
259 1285 396 1368 gaudere
424 1287 559 1367 pastoris
590 1287 756 1368 prasentia
783 1307 856 1350 oves

1612 319 1670 380 tat

908 449 1095 512 trimestrem
1114 449 1208 510 unius
1225 449 1315 524 anni,
1331 449 1520 532 conjungere
1534 465 1604 516 cum
1619 451 1672 512 tri·

908 541 1015 603 mestri
1042 540 1184 602 absentia
1207 543 1365 620 sequentis
1383 539 1480 616 anni,
1494 547 1567 622 puta
1588 541 1673 619 quod

908 651 964 715 pro
979 633 1039 695 hoc
1052 650 1135 694 anno
1158 633 1237 696 absit
1251 652 1270 696 a
1291 652 1347 695 sua
1361 634 1498 696 Ecclesia
1511 633 1673 695 mensibus

909 728 1055 804 octobris,
1071 727 1248 790 novembris
1261 734 1293 790 et
1306 727 1490 806 decembris,
1506 747 1542 791 ac
1556 747 1611 808 pro
1627 745 1674 789 se-

909 822 1016 904 quenti
1048 839 1132 885 anuo
1164 822 1243 884 absit
1273 822 1433 884 mensibus
1454 822 1602 902 januarii,
1630 822 1674 884 ie·

909 917 1038 990 bromii,
1053 923 1085 979 et
1106 915 1219 978 martii.
1240 916 1319 977 Nem
1332 915 1482 996 imprimis
1495 919 1674 998 hujusmodi

910 1010 1068 1074 semestris
1078 1009 1219 1073 absentia
1229 1009 1400 1074 includeret
1414 1013 1538 1091 ternpus
1553 1015 1674 1088 Adven-

909 1110 972 1180 tus,
987 1122 1023 1166 ac
1036 1103 1354 1180 NatiuitatisDomini,
1371 1123 1434 1166 una
1448 1123 1520 1166 cum
1534 1107 1675 1178 Quadra·
1764 1117 1767 1124 ’

910 1201 1039 1284 gesimo,
1052 1215 1114 1279 quo
1129 1216 1191 1260 non
1205 1198 1278 1260 licet
1291 1194 1445 1280 episcopis
1459 1199 1569 1263 abesse
1584 1219 1602 1260 a
1617 1220 1674 1262 sua

911 1292 1078 1356 cathedrali
1101 1291 1171 1368 (nisi
1195 1291 1235 1352 ob
1256 1293 1361 1355 munia
1390 1293 1578 1372 episcopalia
1601 1292 1674 1357 alibi

90 1383 238 1455 debeant,
253 1379 311 1461 ipsi
334 1381 375 1442 ab
395 1377 526 1442 ecclesia
540 1397 597 1442 sua
610 1379 778 1442 cathedrali
793 1381 856 1443 ullo
908 1386 1101 1469 peragenda)
1116 1386 1213 1448 multo
1231 1385 1333 1447 minus
1348 1403 1367 1446 a
1381 1385 1525 1461 diaecesi:
1541 1405 1598 1468 per
1611 1392 1676 1451 tex·

90 1482 181 1558 pacto
203 1475 322 1552 absint,
345 1473 405 1552 nisi
428 1472 737 1554 episcopaliamunia
751 1475 783 1536 in
799 1493 858 1538 sua

90 1569 218 1632 dioeeesi
238 1585 293 1631 eos
313 1567 374 1629 alio
398 1567 553 1632 vocent.»
571 1567 730 1630 Hactenus
752 1570 857 1631 conoi-

89 1665 179 1727 lum.

130 1757 183 1820 33.
203 1755 385 1836 Posnmtpue
403 1753 470 1816 taine
489 1753 584 1816 obesse
601 1754 662 1817 siae
688 1753 748 1817 alab
770 1773 856 1837 rope-

91 1850 182 1911 mmai:
201 1847 418 1932 approbatione.
435 1879 475 1894 -
492 1847 538 1910 Ex
552 1844 665 1925 quibus
678 1848 781 1911 verbis
796 1849 858 1911 col·

90 1945 208 2026 ligitur,
223 1960 316 2028 posse
330 1943 511 2022 episcopum
525 1941 625 2021 spatio
648 1943 792 2021 duorum,
808 1943 858 2006 vel

91 2039 187 2099 tuum
210 2036 381 2111 mensium,
404 2035 515 2098 abesse
538 2055 627 2098 asoa
640 2038 777 2108 Ecclesia
792 2037 857 2099 sine

91 2133 151 2194 alie
167 2129 336 2210 superioris
349 2131 588 2210 approbatione:
606 2131 679 2208 qnia
690 2133 742 2211 jus
756 2133 858 2214 ipsum

91 2224 150 2286 hoo
171 2222 335 2303 permittit,
356 2229 387 2284 et
407 2222 569 2302 approbat.
592 2223 734 2298 Lessius,
749 2223 805 2286 lib.
818 2225 855 2287 11.

90 2319 124 2381 de
137 2318 219 2380 Just.
236 2326 265 2380 et
272 2318 341 2398 jur.
356 2333 425 2396 cap.
440 2335 541 2380 xxaw.
556 2316 655 2380 dubit.
672 2321 722 2382 29.
737 2336 770 2381 n.
787 2323 856 2397 155:

91 2413 231 2475 Barbosa
245 2413 279 2473 in
293 2409 452 2475 Colleotan.
468 2410 508 2471 ad
522 2409 573 2473 cit.
589 2429 657 2490 cap.
673 2428 695 2472 ι.
713 2429 789 2473 sess.
806 2417 855 2476 23.

90 2525 120 2569 n.
139 2510 199 2579 ta;
217 2503 408 2594 Santarellus
427 2503 496 2566 Vcr.
512 2503 629 2566 resciat.
646 2503 701 2566 lib.
713 2507 856 2584 Lquaest.

88 2605 119 2663 4.
136 2619 171 2662 ιι.
188 2601 230 2672 5:
245 2599 412 2679 Fagnauua
434 2616 463 2660 o.
481 2597 622 2674 Qualiter.
644 2617 675 2660 n.
696 2599 745 2660 38.
762 2604 794 2663 et
806 2601 856 2663 39.

88 2695 121 2755 h.
137 2701 163 2756 t.
179 2691 265 2755 istud
278 2690 456 2772 intelligens
477 2691 572 2754 etiam
585 2690 624 2752 de
638 2690 779 2752 absentia
794 2691 861 2770 epi·

90 2786 177 2868 scopi
191 2782 450 2858 extradioecesin,
467 2802 505 2845 eo
520 2783 606 2862 quod
618 2782 784 2847 concilium
797 2783 860 2846 Tri-

89 2881 270 2956 dentinum,
286 2881 337 2942 cit.
353 2897 432 2942 sess.
447 2882 496 2941 23.
514 2896 582 2958 cap.
598 2895 621 2940 1.
637 2895 717 2940 vers.
732 2877 779 2940 Ne
792 2895 859 2940 vero

88 2995 134 3055 ea,
150 2975 213 3038 sub
234 2972 440 3053 disjunctione
463 2973 619 3052 loquatur,
635 2970 780 3045 dicendo,
795 2973 860 3052 epi·

89 3087 204 3150 scopos
224 3067 384 3150 cobligari
405 3065 446 3126 ad
464 3066 662 3146 personalem
683 3063 717 3125 in
740 3083 796 3126 sua
812 3083 861 3128 ec

89 3165 203 3239 alesia,
216 3161 268 3224 vel
289 3161 415 3222 diecesi
430 3157 647 3231 residentiam,
662 3159 722 3220 nisi
738 3176 777 3220 ex
790 3177 862 3220 cau·

89 3257 145 3327 sis,
158 3251 301 3327 etmedis
314 3251 395 3312 intra
409 3249 543 3329 seriptis.
552 3269 567 3308 a
581 3247 660 3311 Nam
674 3249 756 3312 inter
766 3250 862 3313 hasce

89 3363 207 3412 causas
219 3345 372 3426 reperitur
385 3343 427 3405 ibi
442 3341 536 3404 etiam
545 3349 718 3404 memorata
728 3343 862 3406 brevitas

88 3439 244 3522 temporis
257 3437 409 3500 absentia
422 3435 576 3510 duorum,
591 3434 642 3497 vel
662 3433 755 3496 oium
773 3453 862 3498 men-

909 1489 977 1544 tum
986 1479 1105 1542 concilii
1119 1479 1330 1543 Tridentinin.
1341 1485 1390 1546 34.
1402 1483 1546 1548 relatum.
1557 1482 1675 1548 Deinde

910 1576 942 1636 in
957 1592 1007 1646 eo,
1023 1573 1076 1654 qui
1091 1571 1178 1634 abest
1193 1565 1341 1634 continuo
1356 1592 1410 1636 sex
1425 1575 1595 1651 mensibus,
1612 1595 1675 1638 non

911 1667 1087 1732 verificatur
1103 1668 1156 1728 illa
1169 1665 1274 1744 dictio,
1291 1667 1524 1758 aliquantisper,
1541 1688 1603 1750 quo
1617 1659 1675 1732 uti·

910 1769 961 1824 tur
974 1762 1058 1826 idem
1081 1765 1182 1824 textus
1205 1761 1284 1824 sacri
1300 1761 1420 1824 concilii
1438 1783 1444 1826 :
1461 1764 1524 1824 imo
1538 1763 1609 1826 talis
1623 1764 1676 1826 ab·

911 1857 1009 1918 sentia
1024 1861 1186 1935 reputatur
1198 1855 1310 1934 longa,
1327 1859 1360 1918 et
1373 1858 1474 1938 poenis
1488 1858 1678 1921 ecclesiasti·

910 1949 954 2012 cis
981 1949 1151 2029 punienda,
1179 1951 1268 2028 juxta
1295 1947 1355 2010 hoc
1381 1951 1484 2029 ipsum
1512 1952 1676 2014 concilium

910 2043 1140 2118 Tridentinum,
1156 2061 1233 2104 sess.
1250 2045 1280 2107 3.
1297 2059 1366 2124 cap.
1382 2061 1405 2104 1.
1421 2043 1457 2106 de
1470 2045 1602 2126 Reform.
1619 2048 1679 2107 Ac·

912 2138 1004 2214 cedit,
1034 2137 1119 2217 quod
1145 2155 1183 2199 ex
1208 2135 1387 2216 hujusmodi
1414 2136 1508 2218 longa
1536 2137 1677 2200 absentia

912 2231 1130 2312 episcoporum
1152 2227 1255 2309 magis
1275 2228 1406 2289 relaxari
1437 2231 1535 2308 possit
1562 2247 1677 2292 nervus

911 2322 1129 2388 ecclesiastice
1143 2320 1331 2399 disciplinae:
1348 2321 1513 2400 majusque
1527 2321 1678 2383 damnum

911 2419 943 2478 in
957 2413 1168 2496 spiritualibus
1187 2416 1219 2474 et
1240 2413 1475 2491 temporalibus,
1491 2411 1597 2475 interri
1619 2417 1679 2476 Ec-

912 2509 1030 2581 clesiae,
1045 2524 1109 2568 non
1123 2505 1215 2568 facile
1229 2505 1455 2585 reparandum,
1470 2523 1507 2568 ac
1521 2506 1598 2568 alias
1611 2505 1679 2568 lieri

911 2607 1026 2686 posset.
1644 2663 1648 2670 ,

952 2700 1001 2760 38.
1029 2694 1114 2760 Ultro
1129 2701 1185 2755 tres
1207 2712 1315 2756 meme:
1336 2711 1394 2754 noa
1414 2703 1534 2774 possam
1555 2694 1684 2776 epbcopi

912 2791 1017 2862 obesse,
1038 2789 1098 2850 nisi
1117 2807 1154 2850 ea
1177 2787 1312 2870 lepitimis
1333 2788 1437 2850 count.
1461 2820 1501 2835 -
1524 2785 1617 2868 Resp.
1641 2791 1678 2850 ll.

912 2884 1029 2946 Praeter
1058 2887 1268 2943 memoratum
1297 2882 1422 2958 tempus
1450 2880 1602 2953 duorum,
1632 2881 1679 2943 vel

912 2978 1007 3041 trium
1020 2975 1187 3047 mensium,
1202 2990 1266 3033 non
1280 2978 1411 3054 possunt
1424 2973 1560 3053 episcopi
1583 2992 1611 3035 a
1624 2995 1681 3036 sua
1699 3018 1707 3028 -

914 3067 1063 3139 Ecclesia,
1077 3067 1127 3129 vel
1141 3065 1268 3130 dioecesi
1287 3065 1409 3141 abesse,
1434 3066 1493 3128 nisi
1518 3083 1557 3128 ex
1579 3067 1681 3147 legiti-

913 3162 973 3224 mis
987 3161 1101 3233 causis,
1126 3160 1238 3236 quaest.
1260 3175 1347 3237 seqq.
1374 3159 1614 3221 enumerandis:
1639 3160 1682 3222 ita

914 3262 1030 3327 umen,
1046 3260 1082 3315 ut
1096 3259 1188 3314 antea
1202 3251 1259 3313 has
1279 3251 1364 3332 ipsas
1386 3251 1535 3315 absentiae
1559 3271 1680 3325 causas,

918 3347 1119 3410 «altomano
1134 3345 1294 3419 Pontifice‚
1319 3349 1372 3410 aut
1393 3361 1412 3405 a
1430 3345 1680 3426 metropolitano,

914 3442 975 3512 rel,
991 3457 1030 3500 eo
1051 3437 1193 3514 absente,
1215 3438 1413 3520 suffraganeo
1438 3438 1583 3519 episcopo
1603 3439 1683 3500 anti-

88 3537 186 3598 aium.
915 3531 1015 3613 quiori
1031 3529 1197 3603 residente,
1215 3529 1364 3610 quiidem
1378 3531 1606 3610 metropolitani
1627 3531 1683 3592 ab·

130 3631 184 3690 36.
209 3625 313 3688 Etiam
326 3641 414 3686 conso
427 3619 584 3686 retexendi
595 3621 783 3684 animum-
796 3620 863 3684 Col·
916 3624 1050 3686 sentiam
1063 3622 1198 3700 probare
1212 3623 1348 3697 debebit,
1360 3623 1392 3684 in
1407 3624 1531 3702 scriptis
1545 3642 1614 3686 esse
1628 3641 1684 3703 ap-

87 3721 201 3802 ligitur
215 3717 356 3793 oltetius,
371 3715 456 3795 quod
475 3716 556 3777 istud
572 3714 722 3780 absentiae
737 3721 861 3796 tempus
915 3713 1103 3796 probandas,
1119 3736 1134 3774 a
1153 3714 1203 3776 his
1215 3714 1318 3775 verbis
1331 3715 1501 3776 decreverit
1518 3715 1683 3777 concilium

86 3814 191 3898 possit
204 3811 246 3873 ab
260 3810 413 3890 episcopis
427 3807 570 3872 adhiberi
590 3824 687 3869 cause
700 3807 860 3870 relaxandi
878 3889 881 3896 Ι
914 3807 1192 3871 thidentinumcit.
1210 3809 1477 3887 aess.23.oap.1.
1498 3808 1533 3869 de
1550 3807 1681 3888 Refirrm.

86 3909 256 3969 animum:
271 3921 344 3966 nam
366 3903 460 3964 etiam
474 3902 542 3964 haec
556 3907 701 3966 censetur
714 3919 804 3982 equa
819 3901 862 3963 ad
915 3903 958 3963 Ea
973 3906 1079 3962 tamen
1092 3899 1200 3962 addite
1212 3899 1414 3961 limitatione:
1437 3900 1523 3960 anisi
1542 3917 1613 3974 cunr
1633 3900 1684 3961 ab

87 3999 254 4061 modicum
276 4003 400 4075 tempus
428 3993 613 4068 abessendi,
632 4013 672 4055 ne
695 3995 861 4076 episcopus
915 3993 1015 4055 sentia
1039 3991 1182 4054 inciderit
1208 3997 1336 4074 propter
1358 3990 1485 4072 aliquod
1507 4011 1630 4065 munus,
1653 3996 1685 4053 et

87 4088 252 4154 continuis
275 4086 444 4159 laboribus,
460 4087 542 4148 curis
556 4089 590 4149 et
602 4085 861 4150 sollicitudinibus
915 4083 1094 4166 reipublice
1117 4083 1273 4156 officium,
1302 4083 1530 4162 episcopatibus
1556 4084 1684 4163 adjunc-

86 4179 301 4265 pestoralibus
328 4178 508 4253 exhaustus,
528 4177 629 4240 ‘citius
662 4179 860 4252 succumbat,
916 4186 1003 4242 tum:
1020 4178 1109 4256 cujus
1123 4177 1271 4257 quoniam
1286 4193 1387 4237 causa
1403 4179 1475 4238 sunt
1487 4177 1636 4238 notoriae:
1654 4183 1685 4238 et

85 4280 203 4356 sicque
218 4273 306 4355 gregi
320 4271 379 4332 sibi
394 4271 559 4334 commisso
574 4269 703 4333 uberius
714 4271 861 4350 prodesse
916 4269 1072 4333 interdum
1085 4268 1268 4349 repentinae,
1283 4285 1406 4330 neceas
1421 4267 1547 4346 quidem
1566 4268 1683 4350 signifi-

86 4375 244 4449 nequeat.
267 4365 396 4428 Arcum
416 4369 497 4444 part.
512 4367 560 4428 ΠΙ.
575 4363 630 4426 lib.
650 4364 713 4426 VII.
729 4381 797 4443 cap.
818 4382 858 4428 rr.
885 4439 887 4446 Α
916 4361 979 4424 cari
993 4359 1232 4438 metropolitano
1245 4375 1372 4420 necesse
1386 4357 1454 4418 erit.
1475 4380 1490 4417 a
1514 4360 1560 4421 lta
1582 4360 1685 4442 conpi-

85 4469 207 4546 quaest.
231 4464 268 4532 9:
292 4459 502 4522 Sanctarellns
525 4458 577 4522 cit.
599 4476 632 4518 n.
648 4461 685 4530 5:
712 4457 860 4536 Barbosa,
916 4453 992 4516 lium
1006 4450 1314 4513 tridentinumibid.

84 4557 146 4620 nbi
163 4571 269 4632 supra,
284 4570 317 4612 n.
334 4553 384 4625 lb,
395 4551 565 4612 dummodo
578 4549 662 4612 istud
675 4548 731 4611 fiat
744 4549 863 4629 absque
956 4549 1005 4608 39.
1030 4543 1075 4606 Et
1096 4544 1263 4606 aseendente
1286 4542 1490 4626 approbatione
1518 4539 1613 4626 Papae
1641 4545 1688 4608 vet

85 4649 158 4712 ullo
185 4643 344 4720 commissi
372 4643 431 4706 sibi
458 4643 577 4725 gregris
599 4641 745 4705 dominici
770 4642 864 4706 detri-
916 4637 1143 4719 metropolitani.
1159 4671 1198 4685 -
1212 4639 1250 4698 Et
1271 4637 1398 4716 quidem
1421 4637 1506 4716 prior
1527 4655 1611 4716 pars,
1635 4657 1684 4700 re-

83 4748 202 4806 mento
214 4757 223 4800 :
235 4737 319 4820 quod
329 4757 369 4800 an
382 4737 426 4800 ita
438 4737 504 4815 fiat,
515 4737 683 4799 concilium
695 4737 864 4820 allegatum
919 4733 1046 4813 quirens
1061 4730 1319 4811 approbationem
1331 4729 1437 4810 Papa,
1461 4731 1511 4792 vel
1528 4737 1686 4811 metropo-

82 4831 244 4912 relinqnit
257 4829 455 4893 conscientiae
470 4829 607 4911 episcopi
621 4827 797 4890 discessuri.
918 4825 1019 4900 titani,
1035 4826 1144 4886 merito
1163 4823 1287 4885 decreta
1311 4823 1368 4885 tuit
1389 4827 1517 4903 propter
1539 4841 1687 4903 quorum-

131 4929 189 4988 3⁵1.
212 4921 281 4986 Non
304 4930 398 4984 tomen
413 4921 566 4984 ‘immestre
587 4920 673 4984 oniae
695 4921 776 4997 onai,
796 4937 865 4980 con-
918 4919 990 4981 dam
1005 4918 1220 4997 episcoporum
1233 4917 1453 4989 temeritatem,
1469 4915 1522 4994 qui
1546 4915 1618 4976 olim
1641 4915 1687 4993 (nt

73 5013 245 5100 junpendo
280 5033 346 5076 eum
380 5014 521 5077 trimestri
544 5014 685 5098 sequenti:
711 5013 784 5074 enni
799 5032 811 5074 .·
837 5022 866 5074 et
918 5011 1001 5074 idem
1015 5009 1182 5072 concilium
1195 5009 1409 5070 {tridentinum
1424 5025 1499 5068 sess.
1516 5010 1546 5070 6.
1571 5023 1638 5086 cap.
1661 5025 1684 5069 1.

80 5107 282 5174 curt-Est
295 5115 400 5171 nmen
415 5105 465 5172 hio
478 5109 652 5172 notandum
666 5107 866 5170 conformiter
918 5105 953 5168 de
966 5101 1098 5184 Reform.
1115 5101 1298 5184 deploravit)
1317 5101 1478 5181 «proprie
1499 5099 1606 5160 salutis
1628 5100 1688 5158 im-

80 5201 301 5270 deolarationi
322 5219 419 5265 sacre
447 5199 699 5284 congregationis
722 5199 867 5261 cardina-
920 5213 1086 5269 memores,
1101 5197 1289 5274 terrenaque
1304 5193 1493 5269 coelestibus,
1516 5209 1553 5254 ac
1575 5191 1686 5253 dinnis

79 5301 172 5364 lium
193 5295 316 5357 ccudlii
338 5293 509 5362 Tridentini
531 5295 748 5373 interpretum,
772 5309 866 5372 οιιοιιι
920 5291 1059 5350 humana
1073 5283 1285 5366 preferentes,
1300 5287 1333 5347 in
1348 5283 1686 5364 dirersisouriisvaga-

80 5393 192 5456 refert
212 5391 381 5472 Fagnanus
403 5408 430 5451 c.
457 5389 599 5466 Qualiter.
616 5407 648 5449 n.
663 5391 713 5452 to.
730 5391 762 5450 et
776 5405 864 5466 seqq.
919 5381 1043 5454 bantur,
1060 5384 1115 5443 aut
1128 5379 1161 5440 in
1178 5380 1373 5461 negotiorum
1393 5365 1609 5456 teniporalium
1627 5377 1688 5438 sol·
1795 5450 1805 5471 '
1924 5425 1927 5434 .

82 5488 124 5548 h.
144 5487 169 5546 t.
187 5481 279 5554 Quod
300 5499 364 5543 non
385 5481 483 5563 possit
504 5481 668 5564 episcopus
691 5479 866 5543 absentiam
919 5473 1088 5550 licitudine‚
1105 5474 1178 5537 ovili
1192 5473 1352 5548 derelicto,
1375 5475 1470 5555 atque
1491 5471 1595 5533 orium
1616 5490 1688 5538 soa·
