3994 6050
200 315 377 394 ΗΕΘΜ,
392 317 672 388 ostentationes
684 325 734 389 m*
745 327 1062 398 communesne
1076 335 1351 406 CANGELLARIAE
1365 339 1618 406 leustetten.
1640 341 1699 410 tut

115 447 364 528 compatmtihus
378 451 465 515 altari
478 453 569 534 parti,
584 457 625 519 sd
640 459 729 540 cnjus
743 460 881 528 furerem
934 467 1023 546 iram,
1045 487 1124 551 qnos
1146 471 1222 538 dum
1242 473 1335 540 curis
1357 475 1499 540 ltemsns
1519 475 1558 540 de
1575 477 1644 538 loco
1658 477 1698 542 etl

115 536 198 600 iacta
221 547 304 604 esset
322 544 507 626 resignatio,
533 549 627 612 etiam
650 569 688 614 ex
701 569 796 618 causa
809 575 881 637 per·
933 561 1037 624 locum
1060 564 1254 646 transfertur,
1277 585 1349 632 cem
1370 569 1531 650 sequendo
1544 569 1698 634 deeedma

114 633 306 710 mutationis,
322 640 506 719 summarie,
523 641 714 722 simpliciter,
730 655 759 712 et
774 651 880 730 appel·
934 655 1096 738 contigerit
1117 657 1150 720 in
1173 661 1283 739 quovis
1307 663 1395 740 loco,
1421 668 1698 745 quantumcunque

112 723 231 786 latione
255 734 376 790 remota
403 734 594 800 exercendis.
616 738 795 804 llccsmcns
813 741 881 806 irri-
933 749 1028 812 etlam
1042 768 1061 812 a
1075 750 1262 818 dielacurie
1281 762 1413 822 remoto.
1432 759 1611 824 Decernsns
1631 757 1709 824 ini-r

112 821 192 894 tum,
208 822 267 882 etc.
282 822 437 886 tumtur.
452 833 467 886 t
726 843 728 848 '
931 843 1010 920 tum,
1027 849 1086 907 ete.
1102 865 1119 904 a
1437 865 1440 870 ’

112 959 281 1024 Reseuctto
303 963 496 1048 dignitatum,
515 990 566 1035 uec
584 992 641 1037 sos
654 993 784 1056 morum,
798 985 827 1042 et
840 977 875 1045 S.
964 991 1130 1057 Remoto
1144 991 1342 1080 beneficorum
1359 997 1621 1082 cubiculariorum,
1636 1007 1665 1064 ct

152 1053 192 1116 lt.
226 1055 270 1120 Ε.
303 1057 495 1124 cardinalium
501 1109 513 1141 ,
541 1065 745 1152 somersetam,
775 1069 879 1155 benefi-
1233 1110 1393 1158 cursorum.
1630 1163 1637 1176 ‚

151 1167 271 1214 ‘mn'
456 1291 463 1305 ι
969 1225 1000 1285 ·l.
1029 1223 1136 1287 altem
1157 1227 1328 1291 reservavit
1350 1228 1537 1310 generaliter
1557 1228 1643 1294 idem
1654 1231 1692 1298 ll.

150 1288 182 1347 t.
198 1287 479 1395 cltemreservavrt
486 1295 676 1400 generaliter
682 1298 876 1381 dispositioni
929 1314 967 1378 Ν.
987 1316 1046 1379 ΡΡ.
1066 1315 1259 1398 dispositioni
1276 1339 1342 1386 susa
1356 1323 1461 1386 omnia
1473 1323 1625 1391 tenensis
1639 1343 1694 1390 ou-

109 1395 175 1486 sum
200 1397 312 1486 omncs
331 1381 498 1489 drgnrtntes
519 1403 655 1466 matures
672 1398 742 1471 post
756 1396 877 1473 pontill-
929 1408 1167 1491 biculariorum,
1182 1415 1276 1479 ειίιιιι
1290 1416 1416 1482 honoris
1430 1423 1691 1500 nuncupatem

108 1471 498 1580 orales,ruestlredrahlro's
511 1480 605 1544 eliam
618 1487 874 1570 metropolitanis,
928 1519 967 1564 au
986 1521 1149 1568 cursorum
1171 1525 1316 1584 suarum,
1340 1511 1503 1575 declarans
1524 1514 1559 1576 in
1575 1511 1693 1593 prete·

108 1569 141 1626 0¹
154 1569 425 1645 lllliffllsshfflbllst
438 1589 499 1635 nee
520 1592 584 1638 nen
604 1578 743 1643 valerem
766 1582 876 1648 desem
929 1613 1087 1662 sessorum
1113 1617 1241 1662 suorum
1271 1603 1482 1667 Romanorum
1507 1605 1692 1670 Pontificum

107 1658 300 1768 ilementum
313 1664 381 1770 auri
395 1667 553 1770 communi
568 1672 768 1736 extimatione
784 1693 876 1740 exos-
928 1691 1208 1769 constitutionibus,
1223 1701 1256 1762 οι
1274 1696 1390 1778 regulis
1410 1698 1623 1762 mservstoriis
1635 1698 1692 1762 he·

107 1751 221 1814 dentes
247 1756 435 1836 prmerpalss
461 1778 493 1820 ιιι
526 1761 696 1845 calomniis
723 1768 871 1834 suolonis.
927 1783 1110 1849 neniarum
1133 1788 1407 1866 ephippiatorum,
1422 1791 1516 1854 etism
1533 1789 1693 1856 patients.

106 1842 290 1954 &servitii
316 1851 411 1914 iiiam
436 1852 608 1933 timim,
636 1863 871 1944 palmitum,
927 1875 991 1940 rios
1005 1878 1132 1943 huncne
1145 1885 1359 1962 nuncupatos,
1374 1884 1470 1948 otiam
1482 1903 1503 1948 a
1516 1883 1568 1948 die
1582 1903 1691 1950 esrum

106 1945 874 2028 preposrumesliasdguitutesconventuslss
927 1969 1090 2050 editionis,
1132 1976 1164 2037 et
1208 1975 1427 2056 putissimis
1466 1975 1616 2060 intelligi,
1659 1984 1691 2044 st

106 2037 138 2095 ct
150 2037 373 2116 preceptorias
386 2041 550 2120 generales
568 2043 713 2108 ordinum
725 2063 875 2125 qnorum-
926 2064 1168 2145 eompreheudi,
1196 2084 1234 2130 aa
1253 2067 1496 2150 eompreheusos
1522 2067 1636 2148 fuisse,
1659 2074 1691 2138 et

106 2142 232 2206 cunque
254 2128 324 2210 (sed
345 2147 408 2194 nou
422 2133 613 2218 militarium)
627 2155 665 2202 sc
678 2155 873 2221 quecunque
925 2159 1292 2240 essetutrumque.
1310 2161 1453 2226 amaturi
1469 2161 1655 2230 decernens.
1669 2183 1686 2224 ι

104 2220 271 2300 beneficia,
286 2243 356 2306 qum
379 2228 438 2302 sui,
454 2230 549 2292 etism
571 2229 647 2294 dum
663 2231 872 2298 cardinalatus

103 2311 295 2394 fungebatur
316 2319 436 2384 honore
464 2323 643 2400 existentes,
664 2343 702 2389 ec
724 2328 754 2392 S.
777 2329 813 2390 lt.
834 2330 869 2395 ll.
925 2301 1092 2371 Bmssfi‘l
1106 2304 1307 2390 bmfiffl'mm
1322 2307 1505 2415 &diffisum
1518 2307 1554 2373 S·
1570 2307 1690 2415 'smmi'

102 2405 277 2472 viventium
299 2429 393 2488 nnnc,
418 2424 449 2478 ct
469 2418 524 2498 qni
546 2424 638 2482 erunt
659 2440 716 2503 pre
730 2425 871 2503 tempure
963 2397 1137 2504 Qmm·
1152 2409 1180 2462 ‘t
1193 2397 1229 2463 S·
1245 2400 1340 2482 pem*
1356 2421 1390 2509 ξω
1404 2399 1493 2509 ΜΨ
1507 2399 1612 2464 Mam
1625 2399 1690 2464 Ma'

102 2503 309 2570 cardinalium
318 2507 485 2573 familiares
495 2514 633 2577 continui
646 2516 871 2582 commensales
957 2509 1037 2595 W
1050 2489 1087 2598 {¹⁸
1103 2491 1191 2572 Μ’
1207 2503 1235 2600 ‘f
1249 2493 1448 2600 mistam
1462 2495 1611 2560 mmm
1624 2515 1689 2558 ω’·

102 2596 306 2674 obtinentet
326 2603 532 2684 inposterum
555 2608 740 2674 obtinebunt
761 2627 870 2676 eorum
963 2581 1106 2648 dmum
1118 2604 1137 2648 α
1151 2583 1244 2652 Cum
1257 2586 1427 2650 amm·

100 2687 313 2756 ftfflffifllsttlss
335 2697 480 2775 dimit,
500 2717 538 2763 ⁸⁰
557 2700 590 2761 1¹1
610 2701 736 2780 quibit,
759 2721 816 2766 ΜΠ
829 2703 870 2766 td
962 2721 993 2781 θ.
1013 2720 1120 2782 ritem
1132 2720 1302 2785 reservavit
1315 2721 1508 2802 dispositioni
1517 2739 1581 2786 sne
1591 2741 1688 2805 gene·

99 2801 174 2864 qnae
198 2786 254 2866 jus
283 2790 330 2851 eis
365 2794 533 2873 competit,
563 2799 620 2858 eut
652 2797 867 2876 competierit,
922 2811 1244 2894 taliterquoscunqna
1258 2815 1479 2890 canonicatus,
1494 2819 1527 2880 et
1545 2817 1686 2898 preben-

99 2875 225 2941 etiamsi
237 2880 278 2943 ab
290 2881 359 2962 ipsa
371 2883 580 2949 lumiliaritate
594 2905 651 2968 per
663 2888 785 2952 ebitum
800 2907 869 2953 cer
922 2903 996 2980 das,
1012 2923 1049 2967 sc
1063 2905 1249 2985 dignitates,
1264 2914 1469 2988 personatus,
1485 2915 1518 2974 et
1540 2909 1640 2974 omna
1651 2912 1686 2976 in

98 2969 253 3033 diuslium
276 2979 475 3058 eorumdem,
499 2981 550 3044 vel
572 2983 650 3045 alias
671 2985 866 3048 recesserint.
922 2995 953 3057 s.
969 2997 1060 3060 toan.
1075 2998 1305 3078 teramnensis,
1320 3003 1353 3062 et
1365 2999 1513 3082 principis
1532 3003 1687 3082 apostolu-

97 3061 272 3126 nectemus
298 3067 475 3154 dignitates,
499 3073 552 3154 qai
578 3074 612 3136 in
638 3075 867 3142 remedialibus
920 3107 1002 3169 mm,
1015 3108 1051 3154 ω
1064 3091 1165 3156 beata
1178 3093 1283 3156 tiaris
1297 3093 1573 3175 majorisdomus
1587 3098 1686 3160 ecde-

96 3155 196 3219 etiam
215 3163 460 3242 metropolitanis
482 3171 554 3248 pest
575 3169 780 3248 pontiflcislcs
802 3188 867 3232 non
920 3181 985 3259 siis,
1000 3200 1059 3245 nac
1081 3201 1146 3247 non
1167 3185 1209 3247 ad
1230 3185 1439 3263 collationem,
1463 3186 1683 3267 provisionem,

94 3255 235 3334 majores
245 3257 392 3336 existunt,
404 3269 435 3324 et
448 3281 518 3343 quas
533 3281 572 3324 ex
585 3263 762 3344 apcetclicce
777 3263 866 3330 Sedis
920 3279 952 3339 et
965 3277 1326 3357 praesensissemus
1349 3281 1490 3360 quamvis
1509 3280 1606 3344 alium
1620 3281 1683 3344 dis·

94 3351 315 3433 indulgentie,
342 3356 389 3419 vel
412 3358 569 3423 ordinarie
593 3361 787 3438 sustentate,
811 3367 866 3426 snt
917 3367 1104 3446 positionem
1126 3371 1158 3432 S.
1180 3372 1217 3432 lt.
1239 3371 1274 3435 Ε.
1290 3371 1684 3438 cardinaliumsltomens

94 3449 326 3512 consuetudine
352 3455 552 3536 prescripto,
580 3457 630 3520 vel
657 3457 732 3519 alias
755 3459 864 3540 quovis
917 3462 1009 3526 Curris
1034 3463 1209 3526 absentiam
1230 3466 1350 3530 ratione
1373 3483 1501 3531 suornm
1523 3467 1683 3550 episcopa-

91 3537 189 3599 modo
212 3540 245 3601 in
265 3543 503 3626 quibuscunque
529 3549 699 3631 collegiatis
722 3552 864 3615 ecclesiis
916 3561 1005 3618 tunm
1019 3556 1239 3635 cmdinalatur,
1254 3577 1291 3622 ao
1314 3559 1454 3639 ipsorum
1475 3559 1682 3626 cardinalium

90 3633 297 3717 principalem
319 3640 586 3720 praeeminentiam
600 3643 718 3706 habere
732 3661 864 3708 noscun-
915 3649 1086 3728 tttulorum,
1103 3658 1135 3714 et
1147 3653 1360 3717 diaconiamm
1373 3653 1558 3734 spectantia,
1583 3671 1680 3733 quan·

90 3733 146 3790 tur
160 3730 220 3792 ml)
241 3734 451 3798 reservatione
471 3739 619 3818 predicta
640 3743 861 3825 comprehendi
916 3741 969 3804 diu
983 3741 1125 3806 amends
1137 3745 1317 3827 hujusmodi
1329 3745 1498 3822 duraverit,
1514 3749 1680 3816 cononica·

89 3822 222 3888 debere.
237 3827 562 3913 necsrnsusirritum,
578 3841 670 3899 etur
844 3895 847 3902 i
915 3841 976 3912 tus,
1000 3843 1033 3898 et
1058 3839 1255 3919 prehendas,
1280 3839 1457 3923 dignitates,
1479 3848 1677 3926 personatus,

915 3927 1208 4012 administrationes,
1224 3937 1255 3994 et
1268 3933 1380 4011 officia,
1396 3939 1571 4018 ceteraque
1584 3939 1678 4003 hens-
1696 4018 1700 4026 ,

809 3995 822 4049 t
913 4021 984 4084 nes
997 4023 1204 4087 ccdesiastica
1218 4043 1290 4088 cum
1310 4045 1398 4108 eura,
1413 4037 1443 4092 et
1456 4029 1523 4092 sine
1537 4048 1613 4094 cura
1625 4051 1677 4096 va-

913 4117 1033 4198 cantia,
1055 4137 1093 4181 ec
1113 4118 1145 4180 in
1159 4124 1252 4182 antea
1264 4125 1423 4200 vacatura,
1438 4129 1503 4191 lam
1517 4125 1550 4186 in
1564 4125 1676 4189 eadem

132 4205 164 4266 e.
186 4207 291 4268 sltem
303 4211 475 4274 reservarit
488 4214 677 4296 generaliter
690 4217 811 4297 omnia,
828 4225 861 4284 at
913 4212 1008 4293 Urbe,
1022 4231 1118 4293 quam
1132 4213 1164 4276 in
1178 4215 1327 4294 emissis,
1343 4217 1526 4297 civitatibus,
1543 4237 1581 4282 sc
1599 4220 1676 4282 diu·

89 4297 217 4376 singula
243 4299 393 4364 beneficia
421 4305 630 4370 ecclesiastica
651 4325 860 4388 quorumcu-
912 4307 1034 4370 cesibus
1049 4309 1201 4373 dictorum
1214 4311 1450 4393 episcopatuum
1463 4312 1673 4407 consistentia,

89 4407 154 4470 que
170 4390 388 4474 collectorum,
404 4402 436 4460 et
449 4399 610 4461 unicorum
625 4401 658 4463 in
672 4412 858 4484 quacunque
912 4419 949 4464 ec
962 4401 1100 4467 decrevit
1111 4403 1244 4484 irritum,
1260 4408 1321 4469 etc.
1337 4427 1353 4466 u

90 4483 229 4562 civitate,
243 4489 292 4549 vel
315 4489 453 4565 dioecesi,
469 4493 494 4554 si
516 4512 578 4574 qno
601 4503 743 4578 tempora
757 4499 857 4561 officia

90 4581 306 4660 exercuerint,
331 4585 591 4652 subcollectorum
619 4589 796 4671 fructuum,
826 4597 858 4657 et

88 4679 301 4754 proventuum
314 4693 446 4740 camere
470 4681 646 4762 apostolice
668 4683 854 4765 debitorum,

88 4765 144 4827 illa
157 4766 302 4831 videlicet
315 4771 856 4858 beneflciaduntaxat,quaedurante
877 4823 881 4832 -
950 4783 979 4845 ll.
1008 4782 1112 4844 sltem
1125 4780 1253 4860 cupiens
1267 4780 1321 4844 SS.
1336 4780 1373 4844 ll.
1393 4781 1431 4844 Ν.
1453 4783 1511 4844 rt.
1533 4785 1675 4864 pauperi-

89 4875 202 4921 eorum
225 4862 326 4926 cilicio
350 4865 541 4944 obtinebant,
565 4873 599 4933 et
615 4871 784 4952 inquibus,
800 4891 871 4937 sen.
910 4872 969 4936 hus
991 4873 1121 4950 clericis,
1145 4877 1178 4937 et
1199 4873 1267 4936 aliis
1288 4875 1370 4937 bene
1392 4875 1511 4938 meritis
1533 4879 1676 4956 personis

86 4953 131 5014 ad
146 4969 217 5033 ques
228 4955 281 5034 jus
296 4959 341 5022 eie
363 4961 569 5042 competebat.
592 4964 769 5029 Dccsmens
790 4967 877 5031 irri·'
909 4965 1081 5048 pmvidere,
1098 4967 1203 5028 omnia
1215 4967 1367 5030 benefida
1382 4969 1590 5034 emlenadica
1603 4990 1676 5036 cum

910 5060 1223 5136 ceramussense,
1246 5059 1417 5138 emersistis,
1442 5065 1477 5123 et
1495 5064 1676 5141 quesumus

834 5209 841 5222 .
910 5154 1054 5218 ordinum
1068 5155 1223 5238 regularia
1242 5155 1499 5236 qualitercunque
1517 5157 1677 5236 qualifice·

910 4551 1076 4616 Resemetio
1089 4551 1227 4616 messium
1246 4551 1479 4636 apostolicorum,
1499 4563 1528 4618 ct
1545 4553 1675 4623 attens

1049 4647 1110 4709 tine
1120 4665 1177 4730 pro
1189 4647 1328 4730 episcopis
1341 4643 1540 4714 restructas.

910 5343 960 5420 rii,
975 5343 1135 5418 februarii,
1151 5343 1268 5424 aprilis,
1283 5343 1369 5419 mail,
1381 5343 1517 5424 angust,
1527 5344 1675 5426 michaia,

129 5423 162 5487 6.
184 5423 289 5489 aliern
303 5430 472 5494 reservarit
483 5433 604 5514 omnia,
621 5442 652 5499 et
665 5435 788 5519 singula
801 5437 856 5502 lte-
910 5443 943 5502 et
954 5439 1132 5502 novembris
1143 5438 1315 5513 mensibus,
1331 5455 1430 5518 usqua
1443 5438 1484 5527 ad
1493 5455 1558 5501 suoe
1569 5439 1682 5503 volun·

84 5516 203 5580 nelieia
230 5519 437 5586 ecclesiastice
464 5541 722 5610 quorumeunque
758 5531 856 5596 cuna-
910 5533 982 5598 tatis
1002 5531 1233 5614 beneplacitum
1254 5527 1342 5600 intus
1360 5533 1533 5598 &menam
1552 5533 1678 5599 cauam
