4064 6062
342 335 401 398 430
563 331 635 397 LlB.
657 335 693 396 lt.
709 331 924 400 eddessen.
946 333 1017 394 ΤΙΤ.
1039 335 1129 401 ΧΧΙΙ,
1151 336 1200 396 [tlt
1220 335 1307 398 slus
1327 333 1688 406 mentemmentdm.

341 464 595 534 conditionatum.
610 464 784 530 9000041404
796 483 823 528 0.
838 464 932 532 Tertio
945 465 1014 530 4440.
1030 463 1105 530 ttde
1155 467 1240 534 venit
1259 467 1471 547 singularitas,
1495 475 1582 548 puta,
1606 470 1632 534 si
1652 468 1777 538 44400440
1795 476 1918 537 capeat

342 558 512 626 Probutiee.
538 557 591 622 nbi
615 559 714 624 simile
737 557 978 625 instrumentum
997 575 1104 638 repre
1156 562 1195 628 de
1209 563 1321 629 borum
1343 563 1536 643 singulorum
1559 563 1699 630 absentis
1724 584 1731 626 :
1756 567 1856 630 relos
1870 575 1920 630 est

340 652 451 730 betur,
473 651 567 717 veluti
590 650 668 717 talso
691 650 866 716 contectum
888 651 1014 712 nomine
1031 651 1104 714 Uni.
1156 656 1306 722 duntaxat
1328 656 1598 731 adminiculantia,
1622 676 1694 724 cum
1715 663 1811 722 testas
1840 661 1922 742 cius-

214 745 221 759 ·
341 746 591 826 scrutatisque
610 749 821 812 emanantes
844 762 967 824 semper
985 751 1104 812 contre
1155 749 1239 814 modi
1253 748 1485 813 concordantia
1498 749 1580 816 dieto
1602 768 1670 826 suo,
1694 751 1778 832 quod
1805 771 1920 834 nempe

340 838 471 914 dixerat,
487 839 540 901 ubi
553 838 702 920 probatur
714 857 771 920 per
784 844 878 902 testes
894 841 1025 917 juratos,
1045 856 1103 904 000
1156 843 1394 924 instrumentum
1408 842 1449 904 sit
1460 842 1586 920 lanum,
1601 849 1709 923 utpote
1726 844 1757 907 in
1772 864 1834 926 qno
1858 847 1921 927 ipsi

340 935 450 1000 0004444
463 931 521 1001 troc
535 949 607 1010 pers
621 930 750 998 adseres
768 931 928 1009 quidpiam
942 947 1103 1012 opponere
1156 929 1280 1001 tuerent
1301 935 1379 1000 falec
1402 935 1550 1016 inscripti,
1575 954 1603 1000 c.
1630 936 1753 1012 onemo.
1775 959 1790 998 ι
1812 940 1856 1004 lle
1874 941 1922 1002 his

340 1025 472 1092 valebat.
490 1024 616 1092 Accedit
629 1024 719 1101 ratio,
731 1025 802 1104 quia
813 1023 1103 1090 testcsadhibantnr
1156 1047 1226 1109 quoe
1240 1028 1319 1092 44004
1334 1047 1351 1090 0
1365 1028 1483 1108 pretet.
1509 1051 1525 1090 ι
1552 1029 1697 1110 Alioquin
1718 1037 1803 1098 certo
1822 1032 1922 1096 bbere

339 1115 563 1191 instrumento3
592 1122 625 1183 ut
651 1135 707 1197 per
729 1135 783 1178 000
804 1116 997 1196 compleatur
1025 1115 1103 1180 tides
1156 1119 1292 1199 cuipiam
1315 1119 1467 1186 malitiose
1490 1121 1610 1184 notario
1633 1122 1761 1186 duratur
1790 1121 1922 1188 facultas

340 1207 546 1278 instrumenti.
571 1210 666 1276 Auth.
690 1209 724 1274 de
745 1209 933 1274 lmmmem.
958 1207 1060 1272 contet.
1076 1215 1105 1274 st
1156 1212 1338 1282 conficiendi
1351 1213 1428 1278 40400
1442 1215 1657 1292 instrumenta,
1682 1221 1839 1298 testesque
1862 1237 1922 1298 pro

337 1301 410 1382 fide.
432 1304 450 1384 ἓ
472 1302 579 1366 Sedet
597 1304 624 1368 st
644 1309 846 1370 tmucmemc.
865 1309 897 1366 et
916 1303 935 1383 fi
956 1301 995 1366 st
1020 1319 1100 1368 ecre.
1154 1305 1240 1372 libito
1255 1304 1454 1384 inscribendi,
1476 1305 1503 1368 si
1523 1305 1572 1374 isti
1596 1307 1690 1374 veluti
1703 1312 1799 1374 testes
1812 1308 1923 1390 044430·

339 1393 442 1464 collat.
457 1398 488 1459 6.
504 1397 595 1476 Atqui
610 1395 693 1462 istud
707 1393 769 1460 non
783 1395 828 1474 ut,
852 1394 978 1475 0000440
992 1410 1102 1460 001044
1155 1398 1238 1464 teres
1253 1399 1465 1468 conusdtccrc
1479 1417 1540 1464 000
1554 1407 1692 1480 possent.
2022 1471 2023 1502 1

338 1494 436 1556 400404
450 1489 664 1560 contradicunt
673 1489 894 1564 insnnmcntot
912 1493 1102 1570 proutsrgn·
1194 1496 1263 1562 4944.
1287 1493 1514 1570 Quadriduum
1529 1495 1795 1578 uterterimscriptr'
1805 1504 1922 1562 4044440-
2022 1539 2023 1568 t

250 1623 253 1630 -
338 1585 495 1652 mactatur
508 1585 660 1660 Burtolue
671 1590 702 1650 et
714 1582 929 1662 Menoetius,
922 1581 976 1648 ubi
990 1598 1098 1662 supre;
1156 1586 1258 1650 dicunt
1272 1588 1469 1663 imeomme,
1486 1595 1553 1651 tumr
1567 1597 1620 1654 cot
1631 1597 1762 1654 mmomt
1775 1589 1922 1671 4404444044

337 1693 423 1756 erge.
1154 1699 1292 1744 nument
1305 1679 1420 1750 testium
1433 1682 1574 1746 stantium
1593 1701 1648 1764 pro
1668 1683 1879 1780 dueentem
1894 1691 1924 1744 ct

376 1773 444 1837 eet.
467 1767 775 1850 ldmpmdtrmdam,
790 1766 909 1850 04404140
922 1767 1019 1848 major
1029 1783 1101 1848 pert
1153 1773 1298 1842 00444-
1319 1777 1412 1854 uasp.
1437 1777 1472 1842 II.
1499 1775 1631 1848 Quod'
1608 1795 1633 1838 04
1655 1778 1761 1842 duur.
1777 1797 1807 1858 g
1824 1781 1923 1840 400440

337 1863 449 1930 testium
472 1863 675 1943 inscriptorum
694 1860 870 1928 contradicti
896 1861 1099 1932 instrumente,
1153 1868 1291 1948 inscripti
1325 1868 1537 1938 contradicant
1572 1869 1794 1946 instrumento,
1834 1886 1921 1930 asse-
2022 1921 2023 1930 ,

335 1986 376 2005 -··
388 1956 427 2022 444
440 1955 524 2034 quod
536 1955 592 2024 hio
601 1953 718 2019 dictum
731 1961 777 2017 est
795 1954 835 2018 de
855 1953 1099 2020 contradictione
1152 1965 1267 2034 rentes,
1284 1978 1317 2024 sc
1331 1977 1395 2026 uon
1408 1961 1584 2024 interfuisse
1598 1960 1712 2034 cidem,
1735 1961 1786 2028 rel
1806 1960 1921 2026 saltem
2022 1977 2023 2042 4

335 2047 475 2113 omnium
497 2049 622 2118 testium
643 2050 848 2113 instrumento
866 2047 1097 2126 inscriptorum,
1151 2069 1215 2118 non
1235 2053 1277 2118 itu
1298 2059 1404 2121 actum
1423 2052 1529 2126 tuisse,
1545 2059 1638 2132 prout
1652 2052 1683 2116 ic
1698 2053 1766 2132 ipso
1778 2051 1923 2118 0004400-
2022 2047 2023 2128 t

335 2142 473 2220 procedit
487 2142 612 2222 paritor,
621 2141 647 2204 si
657 2143 748 2221 longe
762 2142 864 2222 major
875 2157 947 2221 pars
961 2139 1099 2219 ipserum
1152 2151 1225 2212 tur:
1251 2151 1325 2210 tnnc
1345 2149 1400 2212 aut
1422 2148 1564 2209 romanet
1586 2145 1745 2226 legitimus
1766 2161 1920 2210 numerus

333 2233 539 2304 instrumento
562 2235 782 2302 contradicat:
811 2243 904 2316 prote
926 2233 1099 2302 desumitur
1151 2239 1277 2302 testium
1290 2241 1437 2302 stantium
1457 2257 1513 2319 pro
1537 2237 1753 2315 instrumento,
1778 2245 1810 2302 et
1834 2238 1921 2304 relat
2022 2233 2023 2266 ³

334 2345 413 2392 exc.
433 2327 632 2392 Tamttttce'c.
648 2331 697 2390 33.
713 2328 799 2408 §tin-
815 2325 966 2392 (40441444.
982 2325 1099 2390 ubire·
1150 2334 1404 2410 instrumentum
1438 2337 1577 2399 autnon
1599 2331 1921 2413 romanatlegtumus

332 2422 482 2504 probatur
495 2421 734 2490 instrumentum
748 2421 873 2490 nomint
886 2418 1013 2500 m⁸j⁰ti⁸
1027 2435 1098 2496 per·
1150 2428 1276 2494 testium
1297 2445 1446 2492 numerus
1464 2427 1536 2506 (hoo
1558 2433 1605 2490 est
1627 2427 1840 2502 neccesarius,
1862 2431 1921 2490 aut
2022 2425 2023 2490 l

331 2516 372 2578 tie
394 2517 519 2596 capituli
542 2517 736 2591 contactum,
762 2533 834 2579 cnm
852 2513 1023 2578 constiterit
1040 2529 1098 2592 per
1150 2521 1305 2586 sufficiens
1324 2521 1364 2588 sd
1385 2520 1613 2602 probationem,
1635 2539 1692 2584 seu
1712 2519 1850 2584 valorem
1864 2518 1916 2580 in·

332 2609 486 2691 legitimus
501 2611 725 2684 attestationes,
744 2610 836 2692 longe
856 2610 1008 2688 4044404001
1024 2626 1097 2689 pur·
1141 2615 1324 2695 strumenti)
1342 2618 1417 2682 tuuc
1438 2614 1679 2678 instrumentum
1693 2611 1834 2678 redditur
1846 2629 1919 2676 000-
2022 2657 2023 2662 ,

332 2709 394 2772 4040
417 2706 543 2787 capituli
566 2723 630 2768 non
649 2706 743 2774 fuisse
765 2704 920 2774 conscium
943 2703 1094 2783 ejusdem.
1150 2707 1350 2788 protument
1366 2706 1595 2781 etiamtalsum
1613 2706 1671 2770 0444
1686 2705 1919 2785 peralioaido·

332 2799 478 2875 Accedit,
503 2801 577 2880 qnia
597 2800 677 2865 tides
697 2797 893 2867 instrumenti
913 2797 1035 2862 vacillet
1056 2794 1096 2858 ob
1150 2819 1226 2866 neos
1241 2805 1333 2868 400404
1347 2801 1415 2881 ejus
1429 2800 1541 2868 veritas
1558 2798 1718 2879 probetur.
1742 2799 1786 2860 lta
1807 2797 1919 2864 elom
2022 2793 2023 2828 4

332 2893 609 2961 contradictionem
624 2893 718 2960 unius
738 2893 824 2955 testis
840 2887 1095 2962 incrementati,
1149 2895 1181 2956 in
1195 2895 1217 2956 l.
1232 2893 1344 2958 Lucra
1362 2893 1505 2976 Smpectu
1517 2893 1602 2974 ficut.
1621 2893 1653 2955 ff.
1671 2887 1919 2969 Quemadmodum
2022 2897 2023 2972 t

330 2984 350 3046 l.
369 2988 391 3053 4.
407 2987 425 3066 §
439 2986 477 3049 st
489 2988 553 3069 quis
566 2995 700 3068 compet.
717 2987 749 3052 n.
774 2984 1017 3062 Quemadmodum
1040 2990 1095 3044 ter·
1149 2987 1466 3070 testamentcpmicnt,
1483 3005 1521 3050 ex
1534 2992 1620 3050 textu
1633 2984 1750 3046 ibidem
1765 2981 1917 3056 inserena,

330 3090 449 3146 tument.
465 3085 609 3164 0444ιί004.
624 3084 678 3148 ubi
693 3083 718 3147 si
725 3102 807 3148 unus
816 3083 941 3146 testium
956 3083 986 3144 in
1002 3087 1095 3150 testa·
1148 3082 1232 3163 quod
1246 3102 1304 3146 vox
1317 3083 1411 3146 unius
1425 3081 1522 3157 404444,
1537 3078 1680 3160 negantis
1688 3096 1719 3141 4.
1732 3093 1762 3156 g.
1779 3073 1920 3157 sigillum
2022 3079 2023 3102 l

332 3181 438 3238 mento
467 3177 692 3256 descriptorum
720 3177 880 3257 negaverit
906 3193 999 3238 snum
1025 3191 1093 3240 csse
1148 3196 1239 3240 sunm
1255 3182 1437 3244 testamento
1460 3175 1648 3257 appositum,
1670 3172 1799 3238 induent
1812 3169 1919 3248 auspi·
2022 3159 2023 3234 Ῐ

331 3269 476 3349 sigillum,
493 3271 632 3334 redditur
654 3276 874 3336 testamentum
892 3273 1070 3349 suspectum
1083 3285 1091 3332 4
1147 3269 1268 3334 cionem
1285 3288 1292 3331 ε
1308 3271 1334 3334 si
1348 3276 1452 3334 tamen
1466 3273 1578 3348 preter
1592 3267 1652 3331 tac
1666 3265 1768 3330 adsint
1782 3260 1921 3324 4144004-

331 3379 406 3473 ergo
419 3363 531 3444 magis,
547 3363 571 3424 si
587 3381 708 3438 omnes,
723 3361 902 3428 0040444401
915 3361 1008 3442 longe
1028 3379 1094 3428 ms
1146 3361 1281 3430 ficientia
1296 3362 1419 3443 sigilla:
1437 3360 1579 3435 sufficiat
1595 3377 1662 3440 arg.
1679 3357 1701 3420 l.
1717 3359 1766 3421 tlt.
1783 3373 1810 3418 c
1826 3354 1867 3418 et
1879 3374 1920 3416 ex

326 3458 461 3538 J'orpsrs
475 3455 678 3519 contradicat.
1146 3453 1223 3534 totto
1236 3456 1417 3522 tmunmmt.
1432 3453 1517 3522 ldcm
1532 3451 1720 3520 decet-teau.
1725 3449 1916 3517 Andreaee.
2022 3521 2023 3544 3

368 3553 437 3614 4944.
461 3549 594 3614 Solvite·
619 3548 766 3612 instantia.
802 3531 943 3614 44440440
981 3547 1093 3610 turdum
1147 3547 1367 3616 Camdeouncc.
1383 3567 1417 3614 0
1440 3551 1470 3614 8.
1493 3545 1922 3614 sustentaturum
2022 3609 2023 3612 ,

329 3643 454 3726 qualiter
463 3642 588 3726 0404044·
594 3641 709 3725 possit?
727 3643 881 3708 -4-94404.
898 3643 1016 3724 Singuli
1030 3649 1093 3710 tes·
1145 3642 1407 3710 retrusam.
1437 3639 1844 3717 ntreorarrnvtastin
1876 3641 1915 3703 ll.
2022 3695 2023 3700 ,

326 3741 376 3800 404
407 3739 459 3818 qul
491 3741 609 3819 negant
629 3735 813 3802 contectioni
835 3735 1030 3802 instrumenti
1058 3751 1091 3798 sc
1151 3735 1266 3801 Vtamur.
1274 3735 1393 3804 raons.
1409 3753 1478 3816 osu.
1494 3753 1609 3804 41440.
1625 3738 1675 3808 44,
1690 3733 1792 3798 00041.
1806 3737 1836 3806 9;
1851 3733 1919 3796 440-

326 3831 421 3894 fnisac
435 3839 615 3911 presentes,
632 3837 702 3894 sunt
716 3831 749 3894 in
763 3847 819 3896 suo
835 3829 1016 3896 testimonio
1031 3826 1092 3894 sin-
1145 3829 1276 3896 noclrius
1293 3831 1328 3894 de
1343 3831 1498 3894 Arbitrer.
1508 3829 1606 3912 judt'c.
1623 3828 1678 3892 lib.
1697 3829 1734 3890 II.
1751 3845 1814 3892 css.
1831 3829 1917 3896 tet.
2022 3875 2023 3878 .

328 3924 452 4005 galanas
467 3943 475 3986 ι
492 3942 567 4004 ergo
582 3942 638 4004 por
651 3941 707 3987 ces
720 3924 797 3990 nihil
819 3925 969 4003 probetur
982 3930 1093 3988 000444
1144 3943 1176 3990 ιι.
1192 3929 1241 3990 tr.
1256 3927 1395 4006 allegans
1411 3925 1516 4006 plnres
1529 3925 1622 3998 044004
1644 3921 1785 4000 quamvis
1803 3926 1919 3984 uneto-
2022 3907 2023 3970 ἶ

327 4019 464 4080 valorem
483 4017 697 4093 insnumenti3
723 4036 795 4082 cum
818 4019 896 4080 tales
918 4019 1091 4098 siugrrlarce
1144 4033 1194 4078 res
1208 4017 1266 4078 hac
1281 4017 1313 4078 in
1327 4033 1361 4078 re
1376 4015 1460 4078 varie
1474 4016 1570 4095 loqui,
1586 4017 1618 4082 et
1631 4011 1747 4078 sentim
1765 4013 1850 4077 444410
1870 4009 1921 4074 40-
2022 4017 2023 4086 ξ

326 4129 390 4173 000
417 4112 560 4191 probent,
590 4130 617 4174 c.
646 4111 726 4174 Licet
747 4131 874 4174 comam.
899 4115 929 4174 9.
949 4111 1091 4191 §Omcm-
1143 4115 1246 4176 matur
1259 4110 1437 4176 Abbasloc.
1453 4111 1565 4184 cit.,n.
1583 4109 1632 4179 44,
1652 4109 1706 4181 44;
1730 4104 1918 4174 &scardus

327 4223 425 4284 qumn.
449 4203 485 4267 de
506 4204 629 4270 Probet.
646 4211 677 4266 44
694 4224 722 4268 o.
740 4204 816 4269 Cum
837 4203 966 4268 dilemma
990 4207 1042 4266 39.
1057 4201 1091 4266 da
1143 4202 1180 4266 dc
1194 4203 1361 4270 Probott'en.
1377 4201 1476 4270 cond.
1492 4205 1561 4268 etl.
1578 4221 1608 4268 14.
1624 4203 1661 4275 94
1678 4200 1806 4280 sitting
1819 4199 1851 4266 b.
1870 4203 1916 4272 4.,

327 4297 470 4360 enema
485 4317 557 4360 cum
570 4298 734 4361 similibus.
759 4301 850 4379 ltesp.
876 4296 1031 4376 Quidquid
1051 4296 1091 4361 sit
1143 4316 1176 4358 0.
1186 4297 1434 4378 'theudemirum
1446 4297 1540 4366 etism
1548 4293 1775 4364 4041444ιό0440
1785 4293 1917 4360 00140441·
2022 4289 2023 4340 ἶ

327 4393 365 4454 de
386 4392 583 4454 antecedenti
604 4411 612 4455 ι
637 4409 711 4456 nem
731 4395 925 4474 singulorum
948 4391 1090 4456 absentie
1144 4391 1274 4456 04044410.
2022 4389 2023 4448 i

326 4489 427 4564 potest
440 4486 582 4566 probarit
607 4487 656 4550 vel
676 4507 732 4568 per
750 4489 838 4564 elios,
858 4489 911 4568 qui
924 4485 1002 4548 40440
1015 4491 1090 4550 4000
1182 4485 1252 4550 994.
1274 4483 1432 4566 Hujmpuc
1444 4481 1532 4546 ratio.
1548 4513 1587 4538 ‹-
1601 4480 1815 4562 sinopensis
1834 4499 1915 4561 put·-
2022 4527 2023 4548 2

325 4577 455 4642 adorant
481 4596 518 4642 so
543 4579 701 4652 viderant,
729 4581 805 4643 istos
835 4586 975 4659 ternpore
1015 4576 1089 4642 lecti
1143 4577 1182 4642 tis
1201 4581 1262 4654 est,
1286 4577 1370 4656 quia,
1392 4576 1444 4642 ubi
1467 4576 1570 4642 0444100
1592 4580 1734 4655 superest
1756 4591 1915 4642 numerus
2022 4581 2023 4612 ³

324 4673 520 4733 instrumenti
534 4689 598 4735 non
611 4673 802 4747 interfuisset
819 4675 870 4736 vel
882 4675 994 4736 saltem
1007 4671 1088 4738 indie
1140 4671 1308 4751 legitimus,
1324 4689 1361 4732 ac
1374 4669 1708 4736 sermocinantium
1722 4687 1779 4748 pre
1794 4669 1911 4736 validi-
2022 4693 2023 4696 ’

324 4772 419 4839 40040,
442 4764 602 4845 probando
623 4766 776 4842 videlicet,
800 4767 885 4848 qnod
904 4766 1015 4829 eodem
1037 4763 1087 4826 die
1143 4771 1203 4842 tate
1217 4763 1414 4832 instrumenti
1428 4762 1663 4850 deponentium,
1678 4762 1738 4826 hoc
1756 4762 1825 4840 ipso
1846 4761 1915 4823 ins·
2022 4775 2023 4848 J

324 4859 397 4922 alibi
412 4859 577 4922 extiterint.
595 4859 721 4936 Verum,
736 4861 885 4942 quidquid
907 4861 932 4922 si
946 4859 986 4922 de
999 4865 1088 4923 0040-
1140 4863 1332 4926 trumentum
1360 4857 1437 4924 illud
1466 4861 1515 4922 'eet
1548 4855 1706 4922 4441004010
1741 4853 1913 4918 sufficienti
2022 4861 2023 4864 ’

323 4953 457 5030 cedenti,
473 4957 856 5035 negatnrconsequentia:
884 4973 957 5016 nam
970 4953 1086 5016 dictum
1140 4955 1264 5026 testium
1287 4968 1439 5030 numero,
1467 4949 1622 5030 0410044400
1643 4948 1769 5030 publica
1789 4949 1911 5012 notarii
2022 5013 2023 5020 ,

321 5047 415 5123 illud,
436 5047 522 5127 quod
545 5053 639 5108 400400
660 5047 832 5130 singulares
853 5068 916 5112 non
935 5049 1084 5128 probem,
1138 5047 1341 5121 auctoritate;
1367 5061 1442 5126 erge
1464 5061 1528 5108 000
1552 5041 1910 5122 nunccupantem

320 5143 476 5225 praecipue
490 5143 593 5202 locum
608 5139 703 5208 habet
714 5142 747 5202 40
761 5141 1086 5223 singularitelenbeta·
1138 5137 1378 5206 contradictione
1393 5137 1600 5218 quorumdum
1613 5137 1739 5202 testium
1754 5152 1908 5214 044410440-
2022 5153 2023 5160 “

320 5234 392 5312 lira,
409 5242 440 5297 et
453 5233 703 5308 diversificatum
720 5251 809 5299 44004
828 5235 860 5296 40
881 5233 1085 5296 adminicula·
1138 5249 1318 5310 04000044ιο,
1345 5233 1452 5310 utpote
1479 5231 1532 5310 qut
1555 5247 1618 5298 neu
1641 5245 1680 5294 ex
1701 5226 1905 5300 necessitate,
2022 5251 2023 5294 3

319 5329 392 5404 4440,
421 5337 514 5409 prout
537 5347 574 5391 ex
602 5329 740 5409 professo
767 5329 884 5400 dictum
917 5337 964 5393 est
989 5347 1083 5410 snpra
1137 5325 1194 5388 sed
1226 5344 1264 5390 ex
1291 5323 1554 5406 superabundanti
1581 5323 1732 5389 duntaxat
1767 5319 1903 5382 adhibiti
2022 5337 2023 5342 ¹

319 5419 364 5482 tit.
380 5423 445 5484 lili.
461 5421 498 5485 de
514 5420 651 5484 40444404.
673 5423 691 5502 ς
710 5427 760 5486 94.
785 5441 816 5484 0.
840 5421 909 5498 tel,
926 5427 996 5492 994,
1011 5424 1081 5486 tel.
1135 5419 1270 5484 inerunt.
1296 5417 1447 5484 Probatur
1468 5414 1709 5498 commutatis,
1733 5420 1801 5478 tum
1823 5415 1905 5494 quie
2022 5427 2023 5436 ³

319 5519 350 5574 04
362 5530 450 5592 seqq.
468 5514 561 5593 Atqui
581 5513 614 5574 in
636 5516 794 5595 proposito
814 5515 864 5577 vel
887 5515 973 5578 nulla
987 5515 1081 5578 inter·
1135 5516 1383 5618 40000010οι00
1396 5511 1547 5591 eiusmodi
1572 5513 1639 5591 4040
1667 5515 1714 5574 444
1740 5507 1905 5572 firmatum
