3994 6050
493 186 1198 272 §munnamnonuanuuucronnu
1220 191 1303 254 ure.
1631 179 1690 246 ⁴8⁵

103 320 299 386 fundationis
310 322 466 404 impositu,
482 321 606 404 legendi
621 342 651 387 ι.
666 341 697 404 g.
713 323 874 390 totveltct
929 346 945 388 ι
958 323 998 388 de
1011 343 1127 406 magno
1141 327 1305 388 missarum
1314 325 1572 389 celebrandarum
1580 339 1691 384 nume-

102 417 227 480 missae.
253 419 338 480 Tunc
365 417 450 480 enim
476 434 569 498 posse
593 417 774 498 episcopum
797 413 872 480 'oum
925 435 961 480 ro
976 417 1120 480 erraris
1133 418 1348 482 defunctorum
1362 419 1476 482 relictis
1490 416 1686 496 imposit03n

101 511 406 591 consensupatroni,
416 510 579 574 imoetiam
589 512 648 575 isto
658 511 766 586 inrito,
777 528 872 574 onere
926 513 970 576 nti
985 520 1057 576 sunt
1069 513 1183 590 missa,
1201 519 1231 577 et
1245 514 1462 576 anniversaria
1474 511 1690 574 defunctorum

101 603 263 686 imposita,
279 623 336 668 seu
358 603 467 668 missas
490 623 520 668 r.
542 623 573 684 g.
595 605 744 685 legendas
767 603 873 668 mode-
926 625 989 671 non
1013 615 1117 672 autem
1146 608 1314 672 demissis
1341 607 1493 690 impositis
1525 603 1688 678 beneficio,

100 699 177 774 rari,
194 717 228 764 et
241 698 389 763 reducere
398 699 600 762 adminorem
611 717 776 762 numerum
782 700 873 780 juxta
926 719 983 764 seu
1010 702 1201 783 capellania,
1223 702 1256 764 in
1281 701 1385 764 limine
1413 699 1624 762 tundatioms:
1655 714 1692 760 ec

101 796 312 876 quantitatem
325 793 504 858 reddituum
517 793 659 856 beneficii
672 812 680 867 ;
691 793 785 857 tradit
797 795 873 858 Gar·
926 794 1058 876 proinde
1072 794 1207 858 inferunt
1220 795 1385 860 memorati
1399 796 1552 870 auctores,
1563 810 1621 874 pro
1634 791 1692 854 ha·

101 889 168 952 cias
183 889 237 951 cit.
253 893 334 971 part.
349 889 413 952 vll.
421 904 489 966 cap.
506 904 527 952 1.
544 905 577 950 ιι.
594 889 661 950 let.
674 889 731 950 tea
742 893 870 966 etseqq.
927 908 998 952 rum
1018 889 1201 952 reductione
1220 889 1445 952 recurrendum
1466 904 1534 950 esse
1554 887 1595 948 ad
1609 905 1691 948 sum-

101 989 186 1064 post.
201 982 346 1044 Felinum
364 982 398 1043 in
418 1000 446 1044 o.
468 979 543 1046 Cum
565 982 754 1046 sustentent.
773 997 805 1041 n.
821 983 869 1044 19.
926 1001 1013 1046 mum
1026 982 1217 1045 Pontificem.
1230 980 1366 1056 Accedit,
1378 983 1461 1062 quod
1473 980 1691 1044 itenerissime

101 1077 136 1140 de
151 1075 309 1142 cantitat.
325 1076 447 1153 ubisit,
465 1076 549 1158 qnod
562 1075 754 1140 cessantibus
774 1074 874 1137 reddi·
926 1078 1098 1142 decreverit
1110 1077 1253 1141 Urbanus
1265 1075 1341 1164 Viti.
1356 1076 1388 1137 in
1408 1095 1466 1140 sua
1479 1079 1531 1138 ta.
1546 1074 1692 1138 eonstitu-

100 1172 189 1236 tibus
202 1187 327 1234 cesama
339 1168 435 1232 debet
448 1167 600 1232 ordinatio
613 1169 780 1233 testatoris.
796 1169 874 1229 Con·
926 1173 1020 1248 tione,
1041 1174 1146 1233 rcum
1161 1189 1244 1252 sape
1258 1171 1417 1250 contingat
1433 1169 1535 1252 (atque
1556 1169 1617 1231 alio
1638 1185 1692 1230 no·

102 1263 216 1326 cordat
238 1261 366 1326 Aaorius
387 1267 466 1342 part.
490 1264 526 1326 Il.
552 1260 605 1325 lib.
631 1263 679 1326 vt.
701 1276 870 1341 reputt.
926 1269 1029 1342 mine,
1056 1265 1203 1329 densum
1229 1264 1266 1326 de
1295 1263 1492 1328 delatratione
1517 1263 1690 1340 missarum,

103 1363 219 1438 quest.
235 1359 279 1426 ds
298 1354 440 1417 bfimndtt
461 1355 494 1414 in
516 1353 649 1420 Mantal·
663 1355 779 1438 proelsst·
796 1358 871 1416 lom·
928 1359 1113 1442 appellatur)
1127 1359 1226 1439 ubi,·§
1241 1361 1270 1420 l.
1286 1358 1423 1422 districte
1432 1356 1587 1436 prohibet,
1598 1359 1693 1434 atque

103 1455 219 1530 ‘tltffisi-
234 1452 283 1513 Η·
300 1449 358 1510 flii·
374 1453 424 1512 24·
441 1466 522 1511 Vffi·
543 1446 606 1511 Sed
622 1465 733 1526 reuera,
754 1445 874 1526 1111168·
928 1453 1094 1528 interdicit,
1114 1470 1154 1515 ne
1168 1450 1305 1532 episcopi
1320 1451 1353 1512 in
1366 1449 1544 1512 dioecesana
1559 1445 1692 1528 syuodo,

103 1561 167 1624 que
182 1543 236 1606 atii
249 1543 402 1621 adareia,
422 1541 476 1604 ubi
497 1561 606 1623 supra,
626 1541 725 1606 relati·
750 1538 875 1602 Accedit
929 1555 982 1613 aut
1004 1546 1166 1631 generales
1188 1545 1220 1605 iu
1243 1543 1386 1624 capitulis
1409 1541 1618 1623 generalibus,
1644 1538 1694 1602 vel

102 1639 198 1710 ratio,
223 1636 295 1716 quia
316 1636 453 1718 alioquin
475 1653 538 1696 non
561 1635 651 1698 facile
674 1635 873 1718 reperiretur,
929 1641 1006 1706 alias
1019 1637 1251 1722 quoquomodo
1266 1636 1529 1700 reducantouera
1543 1634 1693 1698 ultumis-

104 1735 159 1814 qni
175 1732 235 1796 sub
243 1729 415 1794 redditibus
425 1729 504 1792 adeo
513 1729 671 1808 tenuibus,
682 1734 776 1810 etque
788 1727 876 1790 dimi·
928 1752 1035 1798 aarum
1048 1719 1317 1809 celebrandarum,
1333 1736 1388 1793 eut
1400 1733 1471 1812 post
1492 1731 1577 1792 idem
1594 1726 1695 1790 conei-

103 1827 202 1902 untis,
218 1825 312 1887 uellet
326 1823 452 1904 antiqua
466 1841 563 1887 onera
577 1825 746 1898 sustinere;
769 1821 876 1900 sicque
929 1827 1006 1890 lium
1019 1825 1174 1906 imposita,
1190 1827 1244 1886 aut
1256 1824 1289 1885 in
1302 1824 1408 1888 limine
1423 1822 1628 1898 fundationis;
1639 1817 1696 1880 sed

103 1920 167 2002 piae
189 1919 390 1984 fundatorum
410 1919 587 1982 voluntates
608 1917 732 1999 penitus
754 1914 878 1996 deperiss
929 1938 987 2002 pro
1000 1919 1048 1980 his
1063 1918 1207 1982 omnibus
1215 1916 1411 1995 reducendis,
1421 1923 1474 1980 aut
1483 1911 1693 1990 moderandis,

104 2017 196 2093 rent,
220 2014 281 2076 nisi
308 2013 349 2074 ob
370 2020 535 2094 urgentem
558 2013 640 2074 hene
664 2010 877 2074 diminutionis
929 2014 979 2076 rel
993 2012 1233 2088 commutandis,
1248 2012 1288 2074 ad
1302 2012 1502 2092 apostolicam
1516 2009 1629 2074 Sedent
1646 2025 1697 2070 re·

103 2105 289 2169 reddituum
323 2121 451 2167 causam
487 2105 654 2185 episcopali
693 2104 876 2168 auctoritate
930 2115 1081 2182 curretur,
1097 2130 1112 2168 n
1131 2113 1190 2182 etc,
1209 2105 1302 2187 idque
1323 2106 1382 2168 sub
1400 2105 1539 2170 nullitate
1561 2109 1649 2166 aetus
1663 2103 1697 2162 in

104 2200 289 2281 temperari,
303 2201 398 2280 atque
418 2215 456 2262 ex
477 2206 567 2282 parte
586 2200 707 2278 saltem,
724 2205 876 2282 quantum
929 2199 1190 2266 declarationibus
1221 2215 1317 2262 saera
1345 2195 1594 2280 congregationis
1626 2212 1697 2258 con-

104 2293 176 2356 fieri
198 2297 313 2374 potest,
336 2292 481 2358 sustineri
504 2293 654 2368 valerent,
668 2312 735 2374 arg.
756 2311 784 2356 o.
802 2291 877 2356 Cum
929 2297 1001 2371 citii,
1026 2293 1128 2358 eidem
1149 2293 1272 2356 decreto
1296 2294 1328 2356 in
1352 2292 1445 2355 uitato
1468 2289 1606 2353 Butlerto
1623 2289 1697 2352 sub·

104 2386 299 2450 accersens
316 2391 346 2452 8.
362 2391 393 2449 et
405 2403 434 2448 o.
449 2385 504 2448 En
514 2383 878 2470 postulandarum
928 2391 1062 2472 Junctis,
1086 2383 1307 2468 respondendo
1329 2387 1371 2450 ad
1385 2386 1528 2467 *primum
1550 2383 1696 2458 dubium,

106 2484 181 2546 non.
197 2488 230 2544 et
242 2498 312 2564 quae
325 2479 441 2543 ibidem
455 2483 564 2546 notant
574 2481 877 2555 doctores.Quinimo
931 2483 1016 2564 quod
1027 2501 1092 2546 non
1103 2483 1245 2545 obstante
1255 2482 1407 2544 tenuitate
1416 2480 1601 2560 legatorum,
1616 2493 1698 2557 «pro

106 2575 149 2637 ob
163 2575 247 2637 hane
264 2573 365 2656 ipsam
388 2592 516 2637 oausam
539 2576 705 2648 concilium
726 2574 879 2638 Tridenti-
931 2578 1112 2641 reductione
1151 2593 1282 2637 onerum
1316 2575 1414 2638 Sedes
1452 2573 1622 2654 apostoliea
1659 2571 1707 2650 sitm

105 2687 198 2732 uum.
214 2685 292 2730 sess.
309 2670 359 2732 25.
375 2685 444 2749 cap.
460 2666 687 2750 maenum.
699 2667 878 2732 facultatem
931 2669 1088 2745 adeunda,
1109 2685 1179 2749 que
1202 2668 1322 2746 absque
1341 2667 1405 2730 ulla
1424 2667 1567 2748 impensa
1588 2665 1619 2728 id
1639 2671 1699 2727 sta-

105 2763 197 2826 dedit
225 2761 394 2843 episeopis,¹
416 2767 461 2824 ut·
477 2761 508 2824 io
539 2764 660 2842 synodo
688 2763 877 2838 dioecesana,
932 2771 1009 2842 tuat,
1024 2765 1108 2846 quod
1122 2761 1223 2844 magde
1237 2762 1269 2824 in
1284 2762 1410 2825 domino
1424 2778 1442 2826 e
1456 2778 1490 2824 re
1501 2759 1701 2841 essejudioa·

106 2859 249 2936 itemque
263 2855 440 2931 abbatibus,
455 2861 487 2918 et
500 2856 697 2936 generalibus
716 2855 877 2930 Ordinem,
932 2859 1020 2923 uerit.
1035 2881 1051 2918 n

107 2954 146 3012 ut
159 2951 194 3012 iu
207 2948 351 3029 capitulis
365 2949 574 3031 generalibus,
589 2967 624 3011 re
638 2949 801 3033 diligenter
815 2950 879 3010 ins·
974 2953 1042 3013 116.
1066 2948 1111 3012 Et
1123 2969 1163 3010 en
1181 2947 1327 3011 duntaxat
1347 2947 1379 3009 in
1396 2945 1504 3030 synodo
1521 2943 1702 3009 diamur?

105 3048 214 3122 pecta,
229 3039 350 3122 possint
367 3058 424 3119 pro
443 3057 500 3102 sua
520 3041 709 3104 conscientia
730 3042 880 3106 reducere
934 3079 973 3091 —
988 3045 1045 3110 Ubi
1059 3043 1175 3125 pariter
1188 3042 1360 3106 notandum
1373 3039 1701 3122 est,quodcoueilium
1779 3087 1785 3100 ,

107 3134 152 3198 sd
163 3133 321 3195 minorem
340 3150 508 3196 numerum
531 3151 628 3196 onere
649 3136 826 3210 missarum,
843 3153 880 3197 ex
933 3137 1148 3202 tridentinum
1163 3135 1213 3197 cit.
1230 3152 1306 3198 sess.
1322 3137 1372 3198 25.
1387 3151 1457 3215 cap.
1471 3149 1511 3195 rr.
1522 3130 1699 3212 dodeform.

107 3226 206 3291 variis
239 3223 457 3290 defunctorum
490 3225 607 3290 relictis
643 3227 878 3309 impositurum,
935 3248 1082 3311 expresse
1106 3227 1275 3306 addiderit,
1305 3233 1509 3292 memoratam
1536 3223 1701 3286 missarum

108 3317 237 3400 quando
271 3318 480 3400 eleemosyna
514 3335 571 3398 pro
603 3319 662 3382 illis
688 3321 881 3384 celebrandis
935 3343 973 3388 ax
993 3324 1087 3386 variis
1109 3322 1326 3387 detunctorum
1348 3321 1463 3386 nabotis
1484 3319 1701 3400 impositamm

108 3415 204 3490 adeo,
222 3417 297 3476 sunt
309 3418 431 3492 tenues,
447 3419 481 3477 ut
498 3403 562 3476 non
583 3413 673 3478 facile
692 3416 880 3493 inveniatur,
934 3417 1160 3491 reductionem,
1176 3414 1377 3496 abepiscopo
1393 3411 1651 3476 essetaciendam
1668 3411 1701 3474 in
1803 3417 1806 3424 '

109 3507 165 3589 qui
181 3507 256 3569 huie
269 3524 340 3570 sese
353 3498 475 3570 muneri
491 3509 642 3589 subjicere
657 3511 740 3575 velit.
935 3509 1056 3594 synodo
1070 3510 1247 3572 dioeaesaua
1257 3528 1265 3572 z
1277 3510 1431 3588 adeoque,
1446 3507 1584 3586 spectato
1598 3504 1702 3584 rigore

153 3605 224 3666 115.
248 3601 407 3666 Missurum
425 3621 462 3666 ec
481 3601 589 3677 relictio
607 3601 807 3684 defunctorum
831 3607 883 3669 tin-
937 3605 1077 3688 ejusdem
1103 3603 1238 3682 concilii,
1260 3604 1293 3667 id
1320 3603 1387 3666 fleri
1414 3618 1479 3663 non
1500 3617 1593 3682 posse
1615 3605 1701 3662 extra

109 3696 288 3780 positorum,
303 3715 332 3758 o.
347 3716 378 3778 p.
393 3695 660 3759 anniuerecrtbrum
679 3699 881 3778 reductionen,
936 3695 1327 3776 memoratsmsyuodum.
1351 3697 1508 3770 Attamen,
1523 3694 1606 3774 quod
1620 3691 1703 3756 istud

115 3791 151 3852 od
168 3788 337 3852 tenuitatem
356 3786 534 3865 reddituum,
548 3797 644 3871 potest
660 3791 757 3872 soene
776 3793 885 3874 epsico-
937 3793 1096 3856 decretum
1108 3789 1141 3850 in
1154 3787 1310 3868 aliquibus
1327 3787 1557 3869 episcopatibus
1577 3805 1642 3850 non
1663 3787 1703 3874 sit

106 3904 180 3968 pas.
197 3916 237 3931 -
252 3883 365 3944 Verum
378 3881 535 3962 loquendo
554 3883 595 3945 de
615 3885 762 3947 oneribus
775 3887 885 3948 missa·
937 3904 997 3948 usu
1009 3885 1183 3963 receptum,
1198 3883 1305 3960 utpote
1324 3880 1357 3942 iu
1376 3878 1489 3960 quibus
1507 3879 1703 3942 reductiones

112 3995 187 4038 rum
200 3975 459 4038 celebrandarum
479 3975 510 4036 in
534 3975 715 4040 fundatione
737 3979 886 4061 appositis
937 3996 1002 4040 uon
1035 3975 1136 4036 solum
1170 3974 1334 4036 missarum
1360 3973 1618 4055 capellaniarum,
1648 3972 1704 4034 sed

114 4071 209 4152 (sicut
223 4077 254 4132 et
268 4069 307 4131 de
321 4069 472 4148 impositis
490 4075 561 4150 post
582 4069 700 4134 dictum
721 4072 886 4136 concilium
939 4071 1033 4134 etiam
1047 4067 1340 4143 anniversariorum,
1355 4073 1386 4130 et
1399 4067 1593 4130 dotationum
1605 4066 1704 4130 eecle-

112 4163 342 4244 Trideutinum)
366 4163 552 4225 annuariam
573 4165 759 4230 sententiam
777 4170 887 4231 tenent
939 4163 1055 4225 siarum
1068 4161 1148 4222 fiunt
1165 4166 1251 4224 extra
1270 4160 1441 4240 synodum3
1465 4159 1559 4222 refert
1578 4161 1704 4224 Garoias

115 4259 275 4321 (laventus
289 4256 323 4318 in
336 4255 471 4319 Monuni.
487 4257 608 4338 merop.
627 4259 769 4335 111ιί11.
785 4278 818 4324 ιι.
832 4264 883 4324 55.
938 4257 971 4320 d.
985 4259 1066 4336 pert.
1081 4257 1143 4318 Vll.
1160 4273 1230 4334 oap.
1246 4271 1267 4316 1.
1283 4272 1316 4316 ιι.
1334 4257 1402 4318 136.
1419 4254 1512 4318 Addit
1530 4253 1622 4317 etiam
1641 4255 1703 4317 Na-

115 4357 149 4414 et
170 4352 227 4422 563
251 4349 418 4430 fagnauus
441 4367 470 4412 o.
493 4348 699 4432 Stpnifientum
723 4371 756 4414 n.
779 4355 829 4416 ld.
852 4352 887 4416 de
940 4367 1047 4414 varrus
1061 4367 1131 4431 cap.
1147 4366 1215 4412 xxv.
1231 4348 1366 4411 Manuel.
1381 4366 1415 4410 ιι.
1432 4349 1500 4410 138.
1516 4347 1604 4426 illud,
1620 4348 1705 4429 quod

115 4439 297 4520 Proedend.,·
315 4441 523 4504 Tumburinus
542 4442 598 4507 lib.
613 4445 662 4506 111.
679 4443 713 4506 de
732 4445 887 4528 Sacrificio
939 4443 1105 4508 concilium
1118 4442 1332 4506 Tridentinum
1346 4443 1397 4506 eit.
1414 4459 1492 4503 sees.
1507 4445 1557 4504 25.
1574 4459 1642 4523 cap.
1659 4459 1703 4504 tv.

121 4535 233 4611 Musca,
245 4549 315 4612 cap.
332 4549 353 4594 1.
369 4533 430 4612 §2
447 4549 479 4594 n.
497 4535 526 4596 l.
543 4540 574 4596 et
586 4537 620 4608 2;
641 4535 740 4598 Diana
753 4543 833 4618 part.
848 4537 884 4600 11.
940 4535 975 4600 de
987 4537 1117 4618 Reform.
1148 4535 1311 4608 concessit,
1334 4535 1431 4598 videri
1459 4535 1585 4615 quidem
1612 4557 1627 4594 a
1647 4538 1706 4599 tus

116 4633 209 4690 tract.
234 4625 311 4688 xlv.
336 4626 428 4688 resol.
456 4631 484 4689 1.
509 4626 647 4710 allegans
667 4629 887 4692 Homobonum
940 4647 1056 4692 norum
1070 4628 1175 4710 quoad
1188 4628 1319 4690 abbatas
1332 4634 1364 4690 et
1377 4627 1549 4708 generales,
1569 4627 1624 4690 sed
1643 4645 1707 4689 nou

119 4720 152 4780 in
166 4717 283 4782 Ecum.
298 4716 394 4780 eules.
410 4721 536 4798 perti.
556 4725 645 4785 tract.
667 4719 718 4783 IV.
734 4739 802 4804 cap.
825 4739 885 4786 ιιι.
941 4723 1045 4805 quoad
1073 4723 1246 4804 episcopos,
1271 4721 1324 4802 qui
1351 4727 1482 4805 possunt
1510 4725 1566 4784 hoe
1590 4720 1704 4798 faeere,

119 4829 152 4892 q.
170 4814 238 4875 129.
255 4811 422 4892 pluresque
435 4812 524 4892 alios,
540 4815 593 4894 qui
609 4817 761 4890 esserunt,
777 4815 889 4878 redue-
942 4818 1036 4880 etiam
1050 4815 1117 4878 sine
1131 4813 1262 4895 synodo,
1271 4816 1341 4894 jure
1352 4815 1491 4896 antiquo,
1505 4835 1570 4897 erg.
1587 4833 1615 4878 o.
1631 4812 1708 4900 Cum

119 4907 238 4969 tionem
247 4905 363 4968 ‘talium
375 4905 543 4968 missarum
562 4925 626 4970 non
645 4925 738 4988 posse
751 4909 889 4991 tieriper
942 4911 1129 4974 ornament.
1146 4915 1205 4971 ete.
1222 4907 1276 4972 Ee
1288 4917 1385 4990 parte,
1398 4908 1436 4972 de
1451 4906 1607 4971 Constitut.
1624 4907 1707 4988 quod

123 5001 317 5081 episcopum,
338 4999 395 5062 sed
413 5017 470 5081 pro
489 5019 527 5064 ea
545 5001 714 5066 obtinenda
727 5019 890 5066 recurren-
943 5023 1006 5066 nou
1025 5002 1148 5066 videtur
1165 5021 1222 5082 per
1241 5001 1302 5064 hoc
1322 5003 1489 5081 sublatum,
1509 5019 1581 5064 cum
1600 5001 1708 5065 fuisset

122 5092 200 5154 dum
221 5109 291 5154 esse
314 5091 355 5153 ed
376 5093 505 5173 Papam.
521 5095 684 5158 Rationem
707 5095 793 5172 dent,
818 5097 890 5176 quia
943 5096 1083 5160 additum
1097 5093 1138 5157 ad
1151 5093 1342 5175 augendum.
1358 5117 1372 5156 n
1390 5095 1464 5155 Haec
1477 5093 1644 5156 Navarrus.

122 5184 291 5248 ennodium
312 5183 526 5248 Tridentiuum
549 5187 607 5250 loc.
637 5187 688 5250 eit.
717 5187 892 5251 concedens
985 5191 1053 5251 ttr.
1075 5188 1135 5250 Per
1161 5187 1310 5250 clausulas
1333 5185 1480 5272 generales
1498 5183 1708 5268 desputo-ius,

124 5277 279 5358 episcopis
292 5277 472 5342 facultatem
486 5281 654 5344 reducendi
669 5298 765 5344 onera
784 5283 892 5346 missa·
944 5300 984 5344 cn
996 5279 1329 5362 censeaturderopotum
1351 5275 1542 5361 qualitatibus
1562 5277 1593 5338 tn
1614 5277 1712 5350 teuta
1760 5301 1766 5312 ·

123 5387 197 5430 rum
216 5369 256 5430 ad
277 5369 429 5432 minorem
451 5389 628 5450 nnmerum,
642 5373 778 5454 loquitur
791 5375 891 5438 solum
945 5373 1127 5456 fundatonis
1149 5371 1311 5464 appanis?
1333 5369 1473 5446 cassula
1495 5371 1563 5441 Non
1586 5371 1712 5448 omna*
