4028 6068
40 224 43 238 ,
249 161 310 224 aoo
553 161 624 224 ua.
648 163 681 224 ιι.
704 161 914 224 amanam.
938 162 1010 224 nr.
1032 161 1122 227 xxv.
1144 163 1195 226 ιιιι
1214 161 1525 228 uxemrmrnans.

251 298 348 378 sicque
361 293 564 358 cuduntur
577 293 680 375 fucat,
695 292 858 376 allepaudo,
874 294 952 378 quod
965 295 1017 357 lra-
1071 297 1110 359 sit
1122 296 1217 359 etiam
1235 295 1354 359 delator
1374 295 1468 376 hujus
1484 315 1492 357 ι
1508 297 1595 377 atqui
1617 297 1735 360 delator
1748 299 1841 376 jura-

254 387 468 470 bueritjustam
485 405 603 450 oausam
616 386 779 450 recusandi.
795 419 834 434 -
855 389 955 466 Atque
977 389 1019 449 is·
1071 391 1240 452 martinon
1255 396 1355 470 potest
1368 392 1539 472 appellare,
1554 393 1839 456 praesummas.

254 484 311 547 tud
324 483 489 562 ampliatur
501 483 542 544 ad
556 500 628 544 eum
642 501 759 558 casum,
777 499 839 560 quo
852 482 921 562 quis
932 483 1019 563 jura-
1072 502 1146 564 ergo
1160 502 1219 545 neo
1232 484 1355 546 relator.
1365 486 1457 565 Rasp.
1470 484 1553 547 anim
1567 485 1709 566 negando
1723 485 1843 565 parita-

254 582 395 640 mentum
417 597 436 638 a
455 577 561 657 judice
582 577 720 639 delatum
734 579 881 656 praestare
895 596 1020 640 reeusa-
1071 581 1134 640 tem
1145 578 1226 639 inter
1239 577 1421 652 delatorem,
1432 583 1464 640 et
1473 579 1637 641 relatorem
1647 579 1838 656 juramenti:

254 671 310 744 vit,
325 670 431 750 sicque
444 671 485 734 ab
498 672 566 751 ipso
580 671 637 734 luit
651 671 887 734 condemnatus.
909 670 1019 732 Adhuc
1075 687 1147 730 nam
1161 669 1291 748 delator,
1307 688 1364 730 seu
1387 671 1439 748 qui
1459 669 1559 750 primo
1582 669 1692 747 defert,
1709 671 1842 732 omnino

257 764 372 827 anima
388 763 439 827 tali
457 766 611 827 sententia
633 767 745 846 poterit
759 765 928 846 appellare,
943 763 1019 824 alle·
1074 764 1185 842 sponte
1202 762 1311 825 detulit
1328 764 1542 843 juramentum
1559 780 1566 822 :
1581 781 1646 825 non
1665 763 1710 825 sic
1723 763 1845 827 relator

257 857 372 938 gando,
388 858 471 938 quod
486 857 761 944 habueritjustam¹
780 877 907 921 causam
929 876 1019 920 reeu-
1073 855 1186 934 hujus:
1208 855 1265 916 iste
1286 855 1369 917 enim
1397 857 1522 917 tenetur
1544 854 1585 916 ad
1607 856 1740 917 alterum
1761 857 1845 916 duo-

258 950 346 1012 aandi
372 952 582 1032 juramentum
610 950 786 1030 ejusmodi:
811 958 842 1013 et
856 951 881 1012 si
896 951 1021 1029 quidem
1075 967 1155 1024 rum,
1180 947 1322 1010 videlicet
1342 952 1395 1010 aut
1418 948 1536 1027 jurare,
1552 953 1606 1010 aul
1625 950 1844 1028 juramentum

255 1044 353 1125 judex
371 1043 605 1124 appellationis,
629 1043 710 1106 bena
734 1044 861 1124 quidem
884 1044 1021 1106 delatum
1075 1041 1134 1102 sibi
1161 1041 1299 1103 delatum
1326 1040 1453 1104 referre.
1482 1041 1608 1105 Constat
1636 1050 1741 1104 autem
1766 1043 1846 1126 plus

256 1137 485 1217 jusjurandum,
511 1137 592 1198 male
618 1143 723 1199 autem
751 1141 927 1199 recusutum
950 1152 1023 1214 pro-
1075 1133 1232 1194 subveuiri
1253 1131 1295 1193 illi
1318 1134 1371 1212 qui
1390 1133 1567 1196 necessario
1585 1135 1661 1214 agit,
1677 1154 1772 1216 quam
1785 1137 1845 1218 qui

259 1229 464 1301 nuntiaverit,
492 1224 723 1292 rau'maneoia
744 1230 828 1309 prior
841 1227 1018 1290 sententia:
1077 1226 1202 1288 omnino
1229 1227 1417 1302 voluntarie,
1448 1245 1476 1288 o.
1505 1226 1553 1288 Ab
1575 1226 1704 1289 ανῠίινὶι.
1731 1227 1848 1307 juncta

260 1321 426 1382 sinautem
440 1339 503 1383 non
517 1321 574 1383 rite
589 1321 741 1395 delatum,
756 1325 841 1384 recte
856 1324 958 1383 autem
974 1337 1023 1382 re·
1076 1320 1183 1382 Glossa
1198 1337 1276 1380 vers.
1293 1319 1522 1401 appellandum.
1544 1319 1580 1382 de
1604 1319 1691 1401 Offic.
1713 1320 1845 1402 deleam.

198 1459 199 1462 ,
260 1418 404 1475 casatum
428 1414 641 1493 juramentum
671 1417 869 1495 pronuntiet,
897 1420 971 1478 tunc
997 1413 1023 1474 is
1076 1412 1109 1474 in
1127 1417 1157 1476 6.
1180 1420 1211 1475 et
1230 1413 1252 1474 l.
1276 1413 1315 1476 Si
1331 1412 1492 1496 fidejussor.
1514 1413 1589 1494 §Si
1608 1413 1777 1477 mecam.
1804 1414 1844 1475 ff.

260 1509 396 1589 priorem
420 1507 619 1582 sententiam,
634 1526 703 1590 quae
727 1505 815 1588 quasi
830 1525 868 1570 ex
882 1513 1023 1571 recusato
1078 1507 1136 1584 Qui
1153 1505 1297 1570 satisdare
1314 1514 1455 1587 oopaalar
1466 1523 1480 1568 .·
1493 1525 1530 1568 ac
1552 1505 1682 1587 proinde
1695 1525 1759 1569 ιιοιι
1782 1507 1846 1568 mi-

257 1600 436 1677 juramanto
451 1599 615 1679 processit,
632 1601 799 1662 emandare
822 1617 879 1661 sau
903 1615 1024 1660 cassare
1078 1619 1158 1679 rum,
1175 1601 1259 1680 quod
1278 1600 1403 1681 quidem
1425 1600 1545 1662 delator
1559 1600 1726 1679 juramenti
1740 1602 1844 1662 altero

260 1693 352 1754 valet.
368 1695 483 1754 renus
498 1698 545 1754 est
567 1693 599 1752 in
619 1695 670 1754 cit.
685 1694 706 1755 l.
727 1693 914 1758 Generaliter.
930 1692 1026 1774 §Ipse
1075 1695 1200 1774 jurante
1216 1712 1277 1756 non
1291 1694 1388 1776 possit
1400 1693 1570 1776 appellare,
1582 1694 1662 1756 benc
1676 1701 1781 1757 umen
1795 1712 1846 1756 re·

238 1807 240 1812 ·
260 1795 367 1848 auten.
384 1804 411 1847 c.
428 1784 570 1849 delirius
584 1785 686 1848 aedit.
703 1787 755 1848 ubi
770 1787 912 1850 bartolus
927 1785 1023 1862 addit,
1078 1788 1167 1849 lator.
1180 1787 1352 1849 Abbasloo.
1368 1789 1422 1849 cit.
1437 1805 1580 1849 asserens
1592 1791 1664 1867 post
1674 1790 1765 1851 loun.
1783 1791 1847 1850 llu-

261 1879 344 1942 istud
371 1877 465 1942 etiam
491 1879 675 1959 procedere,
703 1880 775 1943 licet
803 1880 871 1960 quis
894 1886 1024 1955 causas,
1079 1882 1198 1961 dream,
1215 1881 1297 1948 istud
1311 1881 1507 1944 communius
1521 1879 1695 1962 approbari.

262 1989 358 2052 quare
372 1972 505 2036 noluerit
514 1973 632 2052 jurare,
653 1991 716 2035 non
730 1974 908 2055 allegaverit
921 1991 1026 2036 coram

261 2065 362 2146 primo
380 2063 510 2144 judice:
533 2066 641 2128 adbuc·
657 2068 740 2128 enim
763 2073 865 2149 polest
882 2087 936 2131 aas
954 2067 1028 2131 alle·

261 2178 337 2241 gare
352 2179 457 2222 coram
467 2161 573 2239 judice
588 2161 813 2242 appellationis.

301 2255 370 2316 239.
395 2253 445 2315 Aa
466 2254 639 2316 aseuteatia
651 2255 758 2319 uirtute
769 2257 936 2339 juramenti
939 2257 1028 2340 judl—
1507 2281 1510 2287 ·

261 2345 344 2410 elota
358 2345 419 2408 lata
430 2345 521 2428 possit
533 2347 691 2429 appellari,
711 2356 753 2411 eat
770 2349 1029 2442 delinquendum
1326 2364 1492 2432 'mutus
1514 2365 1601 2432 m,

261 2451 290 2503 at
302 2439 439 2523 qualiter.
454 2475 495 2486 -
507 2440 595 2512 Quod
618 2441 644 2501 si
663 2443 775 2507 virtute
793 2445 963 2524 juramenti
978 2448 1030 2526 ju-

263 2534 393 2608 dicialis,
408 2533 468 2595 boc
483 2541 540 2612 cst,
557 2551 576 2594 a
597 2541 686 2614 parte
704 2537 810 2612 delati,
827 2543 859 2600 et
878 2558 936 2619 per
946 2541 1031 2619 judi-

263 2645 332 2690 cem
346 2626 522 2708 approbati,
539 2630 693 2692 sententia
714 2631 776 2692 lata
798 2631 871 2708 tuit,
887 2637 962 2695 tunc
976 2635 1032 2696 ite·
1123 2626 1126 2633 ’

263 2737 334 2782 ιιιιιι
355 2727 401 2781 est
422 2719 746 2803 subdistinguendum.
770 2726 831 2786 Aut
851 2726 934 2786 enim
955 2727 1032 2790 alter
1359 2771 1362 2778 »

259 2811 388 2894 juravit,
412 2819 442 2874 et
465 2815 540 2876 tunc
560 2814 586 2876 is
607 2815 660 2895 qui
679 2816 789 2879 detulit
803 2818 1032 2914 juramentum,
1127 2827 1154 2885 l.
1177 2821 1263 2884 ltalia
1285 2819 1510 2882 annuntiante
1531 2815 1728 2880 rubricarum
1753 2816 1853 2880 Ecce-

264 2907 421 2992 appallare
435 2923 498 2967 non
512 2912 615 2988 potest
630 2927 637 2972 ε
655 2911 728 2989 quia
748 2911 874 2996 ridetur
888 2931 943 2974 suo
958 2933 1034 2978 con·
1084 2915 1146 2999 ptio
1163 2913 1280 2996 facilius
1302 2911 1478 2989 muoeditar,
1501 2929 1587 2993 quara
1610 2909 1697 2971 aetio
1713 2909 1853 2972 -Post-
1942 2948 1949 2968 .

264 3018 359 3064 sensu
375 3007 574 3064 transactum.
594 3005 657 3064 Aut
670 3003 748 3065 alter
761 3023 824 3066 non
834 3006 962 3084 juravit,
978 3009 1033 3070 sed
1086 3027 1180 3090 quam
1194 3009 1344 3069 hactenus
1359 3006 1459 3066 risum
1482 3010 1529 3065 est
1551 3003 1591 3065 de
1608 3004 1679 3083 Jure
1693 3009 1860 3076 actorum,

263 3093 370 3157 retulit
384 3093 600 3172 juramentum
614 3095 778 3172 deferenti,
794 3099 846 3178 qui
861 3099 955 3163 eliam
969 3120 1032 3163 non
1086 3101 1247 3166 racundo
1261 3101 1300 3162 de
1313 3096 1589 3181 probationibusin
1603 3114 1719 3177 genera
1732 3114 1770 3158 ac
1784 3115 1854 3179 spe·

265 3188 331 3249 vult
344 3187 465 3266 juram
484 3192 514 3248 et
527 3185 625 3250 fertur
638 3189 790 3252 sententia
805 3195 913 3254 contra
924 3192 1028 3279 istum,
1086 3195 1144 3272 oie,
1160 3195 1273 3276 quibus
1287 3193 1480 3267 muniuntur,
1496 3197 1531 3255 ut
1543 3191 1661 3253 lanceis
1676 3193 1709 3253 et
1721 3190 1850 3272 gladiis:

265 3299 324 3344 nea
351 3285 454 3362 potest
480 3282 540 3344 iate
567 3283 747 3364 appellare:
777 3285 850 3364 quia
878 3305 915 3348 ex
938 3305 1033 3366 quoa
1086 3289 1198 3352 merito
1212 3287 1396 3368 compilator
1417 3287 1495 3366 juris
1517 3283 1801 3368 canonicisubjicit
1815 3285 1854 3346 de

266 3374 417 3458 principio
432 3373 613 3456 deferendo,
629 3375 723 3457 clegit
744 3377 935 3441 decisionem
959 3397 1033 3441 cau·
1083 3387 1154 3466 jure
1172 3401 1309 3461 reorum,
1337 3400 1399 3463 quo
1418 3380 1605 3464 muniuntur
1620 3385 1656 3442 ut
1682 3379 1801 3460 clypeis
1822 3383 1855 3442 et

267 3487 309 3532 sar
323 3486 381 3549 per
391 3469 616 3548 juramentum,
626 3486 691 3529 non
704 3473 807 3550 polest
820 3470 896 3532 illud
910 3472 968 3534 Sibi
983 3491 1032 3536 re-
1085 3479 1208 3557 loricis,
1236 3477 1359 3559 agendo
1391 3477 1432 3538 da
1468 3474 1702 3555 exceptionibus
1731 3492 1740 3534 :
1773 3474 1855 3535 siout
1913 3483 1916 3490 '

265 3564 366 3625 latum
387 3579 549 3639 recusare,
573 3580 676 3642 nequa
700 3583 718 3624 a
746 3564 899 3626 sententia
922 3567 1033 3630 exinde
1088 3574 1172 3636 enim
1197 3572 1399 3654 probationes
1426 3577 1499 3632 sunt
1524 3587 1613 3631 arma
1638 3574 1796 3640 actorum,
1811 3567 1855 3630 ita

267 3660 422 3719 contrusa
446 3655 509 3718 lata
531 3655 700 3736 appellare.
722 3658 820 3738 cquis
834 3659 917 3720 enim
931 3660 1035 3722 feren·
1088 3667 1286 3747 exceptiones
1300 3667 1373 3726 sunt
1388 3682 1474 3726 arma
1497 3679 1637 3739 reorum,
1659 3660 1747 3739 juxta
1769 3661 1856 3723 Glos·

267 3751 326 3813 dus
341 3756 388 3812 est
401 3749 442 3812 ad
455 3750 670 3830 appellationis
689 3752 818 3813 veniens
839 3753 988 3816 auxilium
1001 3757 1034 3817 in
1088 3776 1154 3820 sam
1177 3757 1210 3817 in
1231 3755 1345 3818 rubrio.
1370 3754 1403 3816 b.
1427 3760 1451 3816 t.
1474 3754 1669 3832 Quamquam
1692 3753 1796 3815 adbuc
1816 3753 1857 3814 sit

267 3845 315 3919 iis,
342 3861 412 3922 quaa
430 3843 496 3922 ipse
518 3841 659 3906 facienda
682 3847 907 3924 procuravittn
935 3849 1035 3930 inquit
1087 3849 1236 3911 nonnulla
1259 3847 1456 3909 differentia:
1482 3865 1556 3908 nam
1579 3846 1732 3926 exceptio,
1748 3851 1855 3925 utpote

267 3939 439 4015 Imperator
452 3934 502 3996 cit.
517 3936 540 3998 l.
558 3933 744 3999 Generaliter.
757 3938 1032 4021 §Sedjurameoto
1088 3948 1232 4024 spectans
1261 3941 1302 4002 ad
1326 3939 1501 4002 naturalem
1529 3937 1756 4014 defensionem,
1778 3935 1855 3998 nulli

269 4045 297 4091 c.
316 4028 350 4090 de
363 4027 458 4090 Rebus
470 4027 785 4110 creditorumquam
805 4033 864 4095 hoc
891 4033 1034 4096 ultimum
1087 4035 1317 4118 denegandam,
1340 4033 1461 4096 facilius
1481 4033 1672 4106 conceditur,
1690 4047 1788 4110 quam
1807 4047 1858 4092 aa·

268 4123 379 4184 limitet
393 4121 508 4196 Abbas,
524 4123 577 4183 ubi
593 4142 698 4204 supra,
708 4126 767 4187 uisi
778 4127 890 4206 aliquis
900 4147 939 4191 ex
949 4130 1035 4211 justa
1087 4129 1143 4204 tio,
1156 4128 1244 4208 juxta
1258 4143 1326 4206 reg.
1341 4127 1391 4186 ll.
1409 4125 1472 4204 jur.
1487 4123 1520 4184 in
1534 4126 1564 4185 6.
1587 4143 1602 4180 ιι
1614 4120 1694 4194 Quid
1707 4120 1749 4182 ad
1762 4137 1857 4201 agou-

270 4217 770 4297 causarecusaretjuramentum3
786 4222 957 4301 puta,quia
971 4241 1035 4284 non
1088 4223 1164 4284 dum
1187 4218 1369 4290 admittitur,
1385 4223 1431 4279 ast
1452 4215 1493 4276 ad
1517 4213 1733 4294 excipiendum
1758 4212 1856 4274 multo

269 4309 400 4371 haberet
418 4327 526 4371 reram
549 4310 690 4373 notitiam
710 4311 774 4390 rei,
798 4312 838 4374 de
865 4329 927 4392 qua
946 4316 1033 4395 jura·
1087 4315 1188 4398 magis
1202 4311 1422 4376 admittendus.
1438 4330 1454 4369 r
1472 4303 1647 4372 concordat
1659 4309 1764 4370 textus
1787 4307 1820 4369 in
1833 4307 1854 4367 l.

271 4404 412 4464 menium
426 4402 483 4463 sibi
497 4403 629 4465 relatum
642 4401 710 4466 fuit·
1087 4410 1211 4474 Invitus.
1233 4406 1266 4468 ff.
1281 4403 1315 4469 da
1328 4405 1402 4488 Ilep.
1411 4402 1478 4485 jur.
1493 4403 1547 4464 ibi.
1567 4422 1582 4460 ιι
1596 4401 1651 4462 Cui
1671 4400 1786 4462 damus
1811 4417 1858 4461 ao·

295 4487 380 4557 ¹2l0.
396 4494 428 4556 Si
442 4513 515 4557 vero
534 4496 570 4575 is,
593 4496 641 4558 cui
662 4497 874 4577 juramentum
890 4497 1033 4572 retertur,
1088 4503 1220 4577 tionem,
1250 4498 1352 4562 eidem
1379 4501 1411 4562 et
1437 4494 1652 4576 exceptionem
1678 4497 1857 4572 competere

267 4589 363 4671 jurat,
379 4594 453 4650 tunc
476 4607 544 4652 esse
565 4590 714 4666 dubium,
730 4609 770 4652 aa
786 4591 924 4655 referens
937 4594 1035 4673 possit
1089 4595 1186 4658 multo
1208 4592 1309 4672 magis
1329 4591 1399 4670 qnia
1419 4588 1549 4662 dixerit3
1563 4608 1578 4647 u
1605 4603 1677 4648 oum
1691 4583 1856 4645 similibus.

270 4683 428 4764 appellare
442 4699 461 4742 a
475 4683 628 4746 sententia
642 4692 749 4747 contra
763 4686 867 4767 ipsum
891 4687 971 4766 lata,
987 4688 1035 4749 in·
1089 4688 1167 4749 Hinc
1193 4685 1266 4748 licet
1294 4689 1431 4765 spectato
1460 4682 1562 4762 rigore
1584 4679 1667 4759 juris
1694 4676 1794 4739 civilis
1821 4695 1857 4738 er

271 4777 338 4857 quit
360 4775 464 4838 Abbas
484 4777 535 4840 cit.
556 4795 624 4858 cap.
649 4780 705 4842 ult.
726 4797 757 4843 n.
782 4783 830 4842 ll.
849 4781 882 4843 h.
899 4784 920 4844 t.
939 4781 1035 4843 addu·
1088 4783 1179 4862 pacto
1202 4779 1286 4841 nudo
1310 4795 1374 4840 non
1397 4773 1514 4838 oriatur
1533 4771 1630 4850 actio,
1644 4772 1727 4835 benc
1752 4776 1858 4832 tamen

271 4889 345 4934 cens
358 4870 497 4933 diverses
511 4871 673 4936 doctorum
686 4875 875 4939 sententias:
892 4874 1036 4954 quamvis
1089 4874 1240 4957 exceptio,
1264 4891 1326 4953 qua
1340 4869 1410 4950 quis
1424 4873 1533 4932 eontra
1545 4865 1730 4946 petitionem
1748 4863 1859 4927 adrer-

269 4962 402 5024 finalitar
442 4962 600 5030 adhereat
633 4965 795 5028 sententia
829 4965 1033 5043 affirmativae,
1090 4969 1161 5032 sarii
1183 4985 1217 5030 se
1240 4966 1407 5029 detondere
1428 4966 1542 5044 potest,
1566 4961 1588 5020 l.
1613 4957 1854 5038 latrantium.

270 5055 413 5118 videlicet
425 5057 521 5120 talem
534 5073 626 5136 posse
641 5059 810 5138 appellare.
1087 5062 1105 5142 §
1119 5059 1258 5124 Sericum
1270 5059 1363 5122 aella.
1373 5057 1408 5121 ff.
1422 5055 1458 5118 de
1474 5053 1590 5118 Partis.

309 5151 378 5211 att.
403 5147 533 5212 Solvitur
545 5149 695 5212 iaetantia.
715 5151 789 5213 Plus
806 5151 973 5215 subuenitur
991 5152 1039 5216 illi
1401 5153 1403 5160 ’

271 5241 325 5323 qui
341 5243 498 5306 messario
519 5245 594 5326 opit,
619 5264 708 5328 quam
731 5244 784 5326 qui
808 5245 980 5309 voluntarie.
996 5279 1036 5294 -

271 5331 334 5396 Neo
357 5335 468 5415 obstat,
493 5336 577 5419 quod
597 5335 697 5403 omnis
720 5336 835 5404 relator
850 5339 1033 5419 juramenti,

1293 2593 1340 2660 bs
1372 2591 1641 2674 Exceptioribus.
