4026 6054
315 229 374 290 aa
453 223 525 289 na.
545 217 596 298 m.
617 215 828 290 66666611..
849 219 920 292 rrr.
943 219 991 290 iv.
1014 223 1065 290 66
1085 217 1254 294 cinarus
1273 223 1352 294 uos
1374 225 1655 308 6666666666,
1677 229 1758 296 arc.

315 358 421 442 plico,
440 358 488 421 uel
506 358 585 439 jurr'a
606 359 718 436 6161111,
735 369 787 422 661
809 361 1084 441 6666661661-
1178 368 1247 428 ltu.
1269 363 1362 445 quue
1375 365 1527 447 66616166.
1542 399 1582 414 -
1595 367 1683 430 Prior
1695 385 1769 449 pars
1788 367 1897 430 tanda·
1994 363 1995 412 l

315 451 429 523 Quinto
457 451 646 530 requiritur,
675 460 709 514 ut
736 460 910 516 assumatur
944 453 1084 518 studium
1136 458 1190 519 tur
1211 457 1243 518 in
1265 458 1398 520 coneilio
1417 459 1609 534 Tridentino,
1623 477 1662 520 ac
1676 459 1838 540 multiplici
1852 461 1900 520 de

256 597 259 603 .
315 544 543 624 theologicum,
568 545 618 610 vel
649 548 848 622 canonicum,
872 566 942 627 cap.
967 549 1022 610 ult.
1048 548 1085 610 de
1138 550 1307 614 eiuratione
1330 553 1436 633 ipsius.
1459 552 1621 631 Siquidem
1649 553 1769 615 dictam
1800 553 1901 614 eonci-

316 637 454 717 Mapistr.
483 638 561 698 Nam
584 637 653 702 haec
674 639 737 700 duo
761 639 864 702 stadia
885 639 933 702 vel
949 641 1084 704 maxime
1138 643 1226 724 ham,
1248 661 1325 706 sess.
1347 649 1398 708 23.
1418 663 1488 726 666.
1509 644 1566 724 1.§
1587 644 1703 706 Eadem
1725 645 1855 721 6666166,
1874 643 1903 704 de

318 729 495 796 necessaria
518 737 590 792 sant
612 731 757 794 Ecclesia
770 733 838 810 Dei,
855 736 887 794 et
901 733 1083 812 reipublice
1138 736 1271 816 Reform.
1294 739 1451 815 decernit,
1473 745 1508 802 ut
1530 740 1631 802 carati
1652 738 1817 800 interiores
1845 755 1900 800 non
1995 765 1996 786 .

319 821 505 899 christiana,
529 825 728 904 serviuntque
751 825 792 888 ad
813 825 932 889 cultum
945 827 1084 888 divinum
1138 830 1197 892 nisi
1221 849 1316 892 causa
1335 832 1421 913 prius
1441 849 1497 913 per
1520 832 1703 912 episcopum
1727 831 1855 912 cognita
1875 837 1901 892 et

319 915 527 978 immediatius
546 919 817 997 promovendam:
844 921 986 999 quamvis
1009 922 1041 982 in
1054 939 1083 982 o.
1139 922 1281 1002 probata,
1292 925 1402 988 abesse
1412 927 1548 1007 possint3
1562 925 1720 1006 simulque
1727 925 1902 986 discedendi

321 1009 396 1072 Cum
419 1030 457 1072 ea
475 1029 519 1086 eo,
542 1015 592 1074 31.
616 1011 654 1075 de
674 1013 876 1078 1116616616
896 1019 927 1077 6.
946 1015 999 1078 ubi
1014 1033 1085 1078 cum
1138 1017 1263 1080 licentia
1298 1020 1418 1082 aulus
1439 1019 1587 1082 bimestre
1615 1027 1750 1099 tempus,
1782 1019 1843 1079 nisi
1871 1035 1902 1079 er

320 1104 531 1166 obtinentibus
556 1106 769 1186 parochialem
792 1109 957 1172 ecelesiam
983 1115 1087 1190 661661
1139 1111 1226 1190 gravi
1242 1130 1348 1187 66666,
1365 1131 1427 1174 666
1442 1112 1640 1178 obtineant.»
1658 1112 1748 1174 Unde
1764 1109 1903 1184 facultas,
1996 1109 1997 1164 l

320 1198 492 1277 Episcopus
510 1197 690 1279 dispensare
704 1218 805 1282 usque
818 1202 860 1263 ad
874 1206 1084 1284 septennium,
1142 1203 1217 1264 olim
1230 1204 1382 1285 episcopis
1402 1221 1549 1266 66666666
1570 1203 1772 1284 dispensandi
1786 1201 1830 1264 ad
1843 1219 1906 1282 sep·

320 1295 415 1358 etiam
436 1296 578 1359 videatur
599 1315 783 1360 concessam
797 1296 934 1361 stadium
950 1301 1086 1380 61611666-
1141 1297 1284 1360 sennium
1298 1317 1337 1360 66
1355 1317 1451 1361 caasa
1470 1299 1645 1361 stadiorum
1666 1298 1718 1359 cit.
1736 1315 1765 1358 o.
1784 1296 1863 1358 Cum
1875 1314 1906 1357 er

321 1389 446 1469 pbicum
469 1408 525 1470 pro
549 1389 650 1470 primo
672 1391 811 1466 biennio,
827 1393 921 1455 veluti
936 1394 1087 1474 previum
1140 1390 1485 1454 6666166666.
1506 1391 1629 1452 videtur
1647 1395 1795 1451 revocata
1812 1407 1821 1450 ε
1838 1407 1905 1448 nam
1997 1440 1998 1457 ,

321 1484 363 1546 ad
385 1501 506 1546 sacram
527 1484 726 1565 theologiam,
751 1486 801 1548 uel
823 1505 928 1550 sacros
943 1506 1087 1550 canones
1142 1495 1198 1566 per
1220 1487 1376 1566 posterius
1402 1488 1563 1550 decretam
1590 1484 1711 1547 concilii
1737 1483 1906 1564 generalis,

321 1576 378 1638 rite
393 1576 620 1658 intelligendas.
645 1581 709 1640 lmo
724 1579 833 1641 Glossa
848 1581 899 1644 eit.
915 1599 943 1643 o.
961 1579 1038 1643 Cum
1051 1599 1088 1642 eu
1141 1579 1258 1641 tollitur
1294 1579 1379 1660 prius
1417 1580 1520 1642 eidem
1549 1579 1666 1642 directe
1703 1578 1905 1650 contrarium,

321 1687 363 1732 eo.
395 1674 427 1747 t.
452 1669 652 1752 Septeaaium.
678 1676 709 1734 et
732 1673 761 1750 t.
787 1672 979 1736 Litterarum.
1003 1671 1089 1735 Istud
1142 1673 1285 1753 66666616
1304 1675 1387 1740 istud
1409 1674 1518 1738 luisset
1541 1673 1663 1752 6666661
1673 1671 1752 1752 juris
1767 1669 1907 1732 manniri

322 1763 449 1843 ampliat
470 1763 582 1844 adjus
606 1765 1085 1847 civile,atquegrammaticam;
1142 1759 1306 1844 insertum,
1334 1787 1393 1831 nec
1419 1770 1522 1832 eidem
1549 1783 1695 1847 expresse
1727 1763 1907 1845 derogetur,

322 1876 360 1921 eo
374 1859 459 1938 quod
472 1863 575 1921 166166
590 1859 764 1923 indistincte
778 1861 934 1941 loquatur,
957 1861 1087 1925 Littera·
1143 1879 1210 1942 arg.
1235 1880 1305 1942 666.
1330 1880 1352 1926 1.
1377 1863 1412 1926 16
1426 1861 1582 1926 Coasdtut.
1599 1860 1632 1922 in
1646 1863 1677 1922 6.
1691 1860 1864 1940 Fagnanns
1882 1875 1906 1918 o.

322 1971 391 2012 rum
403 1950 498 2014 studio
512 1971 549 2014 ao
563 1952 695 2033 proinde
708 1954 849 2017 videatur
872 1954 1089 2037 intelligendus
1143 1955 1298 2034 Nouuulli,
1318 1975 1350 2018 n.
1366 1959 1417 2020 31.
1434 1961 1475 2020 et.
1489 1960 1539 2020 12.
1556 1973 1594 2018 66
1607 1971 1694 2034 seqq.
1711 1953 1747 2014 16
1761 1951 1905 2033 Rescript.

322 2045 519 2126 generaliter.
535 2046 652 2110 Verum
666 2049 739 2128 quia
752 2049 845 2112 citata
859 2048 1026 2112 decretalis
1041 2067 1090 2110 re·
1143 2049 1227 2112 istud
1253 2051 1442 2118 confirmans
1469 2069 1508 2114 ex
1533 2049 1634 2130 praxi,
1663 2065 1703 2110 ao
1728 2047 1810 2128 stylo
1835 2045 1909 2106 sacri

322 2137 416 2218 quirit
437 2137 702 2220 dispensationem
725 2141 875 2222 episcopi,
900 2143 968 2204 baec
983 2143 1089 2221 quoad
1143 2141 1266 2203 concilii
1279 2143 1465 2217 tridentini,
1484 2150 1592 2223 estque
1603 2142 1671 2221 jam
1684 2140 1803 2202 dictum
1819 2156 1909 2218 snpra

322 2231 384 2294 alia
411 2233 515 2294 studio
541 2232 608 2294 dari
636 2234 787 2315 nequibit,
815 2234 874 2297 nisi
902 2235 1090 2299 subsistente
1142 2234 1198 2298 lib.
1220 2239 1243 2296 l.
1265 2237 1312 2300 tit.
1334 2239 1371 2300 Π.
1393 2235 1428 2298 16
1447 2233 1726 2312 Coa-stitutiaaidus,
1743 2252 1775 2296 n.
1791 2235 1864 2295 523.
1881 2237 1909 2293 et
2000 2314 2001 2348 ,

322 2323 468 2404 speciali,
492 2333 524 2388 61
548 2327 686 2407 legitima
709 2346 829 2392 causa:
851 2328 992 2408 alioquin
1006 2327 1090 2390 enim
1143 2333 1213 2393 out.

322 2415 525 2497 dispensatio,
549 2425 657 2482 contra
676 2422 732 2483 lus
755 2437 923 2482 commune
947 2420 1021 2482 data
1050 2419 1090 2482 ab
1184 2427 1254 2487 116.
1275 2421 1411 2486 Solvitur
1433 2422 1640 2486 tietantia-
1657 2423 1721 2484 Nec
1740 2421 1846 2486 obstat
1868 2421 1908 2500 ly,

323 2509 478 2589 inferiore,
494 2531 557 2574 non
570 2513 696 2592 rueret,
716 2519 751 2577 ut
765 2513 891 2574 aliunde
905 2517 1027 2576 notum·
1144 2517 1216 2582 Nisi
1226 2535 1264 2578 ee
1277 2516 1367 2599 praui
1377 2535 1477 2592 causa,
1488 2517 1520 2578 16
1533 2517 1639 2580 relatis
1652 2514 1776 2576 concilii
1785 2515 1909 2576 Triden-
2000 2505 2001 2510 ’

365 2605 706 2670 11311661666611616
726 2606 909 2689 6611661666
930 2605 1092 2688 procedunt
1144 2611 1200 2674 tini
1213 2611 1317 2676 verbis
1330 2614 1525 2674 contentum.
1545 2613 1625 2672 Nam
1649 2609 1803 2670 existente
1826 2607 1909 2688 gravi
2001 2662 2002 2684 ,

323 2706 449 2782 spectato
462 2700 536 2780 jure
558 2701 688 2782 antiquo.
716 2703 812 2764 -Et
834 2699 986 2762 hactenus
1009 2699 1090 2762 dictu
1144 2723 1240 2768 causa
1266 2711 1368 2786 potest
1390 2704 1518 2784 quidem
1545 2705 1711 2784 episcopas
1737 2701 1910 2764 concedere
2001 2725 2002 2728 ¹

325 2795 518 2876 potissimum
532 2796 706 2875 procedunt
720 2798 857 2877 spectato
868 2793 1089 2876 jureantiquo,
1145 2799 1289 2880 parochis
1310 2796 1485 2860 6166661166]
1508 2796 1588 2859 ulter
1610 2795 1778 2870 bimestre,
1799 2809 1911 2870 nempe

326 2888 392 2950 sive
412 2891 576 2964 canonica,
597 2894 689 2971 prout
711 2891 886 2953 continetur
906 2889 938 2956 in
959 2888 1092 2970 Quinque
1144 2895 1186 2956 ad
1199 2902 1263 2957 tres
1277 2910 1417 2966 menses,
1439 2893 1529 2972 juxta
1546 2890 1631 2954 dicte
1653 2888 1800 2968 superius
1814 2905 1848 2948 n.
1865 2891 1912 2946 11.

325 2979 519 3044 Decretolium
533 2981 631 3066 libris,
643 2984 753 3063 juncto
768 2987 866 3058 sexto,
879 2982 1090 3057 clementinis,
1145 3007 1208 3052 non
1232 3005 1306 3052 vero
1328 2987 1368 3050 ad
1392 2988 1545 3066 6616666,
1570 2983 1620 3046 vel
1642 2987 1765 3062 septem
1787 2998 1911 3043 annos:
2002 3013 2003 3065 6

326 3081 418 3154 61666
433 3076 733 3157 Extrusagantibus3
750 3078 833 3138 unde
847 3095 879 3137 6.
897 3078 966 3138 135.
982 3079 1092 3137 66166-
1145 3085 1238 3164 prout
1251 3082 1326 3144 olim
1339 3081 1407 3144 fieri
1420 3085 1543 3160 6666666
1558 3097 1597 3140 01
1610 3093 1705 3139 66666
1723 3074 1912 3138 studiorum,

325 3172 375 3232 ter
396 3169 538 3232 additum
557 3169 616 3232 luit
638 3170 680 3250 ly,
707 3169 845 3251 Spectato
862 3169 936 3250 jare
955 3169 1090 3250 antiquo.
1146 3176 1285 3251 Accedit,
1301 3177 1385 3255 quod
1399 3175 1447 3239 *de
1468 3175 1550 3238 16616
1561 3173 1652 3252 juxta
1667 3169 1835 3235 6666111666
1854 3169 1914 3228 Τ61·

326 3262 479 3334 Quidnam
499 3270 604 3326 autem
623 3263 662 3326 de
685 3263 779 3340 16616,
796 3264 859 3326 6166
874 3269 944 3346 6661
957 3281 1093 3326 oecame·
1146 3272 1320 3345 666116666,
1343 3272 1486 3333 666611.
1511 3287 1582 3348 666.
1606 3283 1691 3330 avua.
1711 3261 1747 3328 ue
1769 3263 1912 3344 Resona,

305 3358 432 3421 atrum
453 3359 618 3420 6666111666
630 3357 898 3422 Tridentiuamsit
911 3357 1090 3434 dicendum,
1147 3365 1285 3428 ecelesiae
1313 3363 1509 3444 parochiales
1534 3363 1672 3426 debeant
1699 3357 1835 3420 conferri
1863 3373 1915 3435 per

327 3458 423 3516 666161
438 3451 576 3516 breviter
590 3452 711 3514 edicere
728 3475 737 3515 ι
752 3451 847 3514 unde.
1146 3475 1348 3538 coneursum
1365 3475 1401 3519 ao
1424 3455 1554 3536 proinde
1574 3457 1612 3532 is,
1636 3453 1698 3534 qui.
1705 3451 1803 3516 661611
1818 3451 1916 3532 magis

369 3549 437 3610 111.
460 3545 504 3609 De
521 3547 598 3629 sarto
616 3545 807 3629 priuilegium
818 3545 1001 3627 6661616611
1011 3545 1093 3626 [666
1146 3551 1280 3614 idoneus
1300 3551 1511 3631 parochialem
1532 3548 1698 3616 ecclesiam
1718 3564 1774 3627 per
1787 3561 1918 3606 auncur-

329 3647 375 3701 tus
398 3639 600 3722 beneficiorum
621 3639 652 3701 iu
670 3639 798 3702 61666116
811 3638 1037 3718 ratioeeatudii,
1053 3647 1094 3700 ert
1147 3663 1218 3706 sum
1247 3644 1325 3706 alios
1351 3643 1529 3724 superando
1557 3646 1744 3704 consecutus
1770 3645 1831 3712 est,
1853 3639 1918 3716 jain

328 3733 473 3796 sublatum
486 3733 583 3816 quood
595 3732 724 3796 66166166
737 3731 926 3812 parochiales.
945 3763 985 3780 -
999 3734 1092 3813 11666.
1148 3740 1234 3820 66166
1248 3741 1291 3802 116
1304 3739 1461 3801 studuisse
1475 3742 1748 3817 praesupponatur.

329 3831 366 3891 V.
381 3828 522 3891 11616616
545 3827 741 3908 privilegium
763 3827 953 3908 percipiendi
975 3825 1094 3888 tructas
1189 3837 1257 3897 116,
1290 3831 1429 3912 Refertur
1455 3829 1609 3911 6661166166
1640 3826 1801 3890 deamat
1829 3845 1922 3887 666-6

330 3921 553 3985 beneficiorum
575 3921 609 3982 in
631 3921 772 3983 absentia
793 3921 913 3983 ratione
928 3920 1032 3995 stadii,
1048 3923 1095 3982 est
1148 3925 1381 4008 6666666666616
1403 3924 1520 3986 66661111
1528 3921 1636 4005 'quoad
1657 3921 1720 3984 hoa.
1742 3953 1780 3968 -
1799 3921 1841 3984 ut
1864 3919 1922 3982 hoc

331 4015 488 4079 sublatum
502 4014 606 4095 quoad
621 4013 768 4076 ecclesias
782 4014 990 4094 parochialem
1003 4014 1093 4089 adeo,
1150 4018 1254 4097 ipsam
1268 4036 1358 4080 sacra
1371 4017 1572 4099 congregatio
1588 4015 1712 4078 concilii
1732 4013 1920 4088 declararit,

332 4118 365 4173 ut
379 4129 450 4174 anm
465 4108 675 4170 obtinentibus
685 4125 739 4170 eas
752 4125 816 4169 non
829 4107 963 4188 amplius
976 4107 1096 4188 possint
1117 4171 1122 4180 ,
1150 4110 1353 4190 sequentibus
1380 4111 1484 4174 uerbis
1505 4128 1512 4170 ε
1543 4131 1559 4168 a
1580 4107 1801 4172 obtinentibus
1818 4125 1924 4187 ,6666

332 4205 372 4268 ad
394 4203 593 4286 septennium
615 4201 754 4284 episcopi
777 4201 984 4282 dispensare:
1006 4219 1096 4264 secus
1149 4199 1924 4284 6616166666166166666166661166616166116666

331 4299 497 4362 dicendum
511 4297 550 4360 de
565 4295 813 4372 canonicatibus,
830 4313 923 4375 etque
939 4295 1096 4359 beneflciis
1152 4298 1295 4362 studendi
1318 4297 1464 4372 lieentia,
1488 4299 1520 4360 61
1540 4297 1571 4358 16
1590 4296 1732 4359 absentia
1746 4295 1924 4358 studiorum

333 4393 399 4453 sine
409 4409 483 4452 cura
494 4390 669 4452 animarum
679 4388 1095 4470 residentiamexigentibus.
1154 4411 1248 4456 causa
1270 4393 1388 4454 fructas
1410 4389 1619 4472 percipiendi,
1639 4407 1703 4452 non
1716 4389 1859 4452 datura
1883 4390 1925 4450 116

332 4487 378 4545 116
391 4484 525 4560 Garoias,
536 4490 616 4564 part.
632 4483 681 4545 lll.
697 4479 910 4562 deBereeficits,
926 4501 995 4563 666.
1011 4499 1045 4544 11.
1061 4500 1095 4543 n.
1152 4485 1305 4548 verbatim
1345 4485 1459 4548 dictam
1500 4485 1747 4546 Dederationern
1780 4483 1927 4552 referant

332 4581 383 4639 81.
401 4583 431 4636 61
445 4579 494 4639 83.
517 4584 548 4638 61
560 4579 610 4639 85.
624 4585 664 4637 'aa
680 4593 767 4656 seqq.
792 4577 932 4656 allegans
954 4575 1098 4655 multipli-
1153 4575 1303 4638 Gonzelez
1316 4576 1369 4638 eit.
1385 4575 1480 4662 gloss.
1497 4578 1527 4636 6.
1545 4594 1578 4638 6.
1594 4577 1663 4637 651.
1680 4575 1865 4648 6111666166,
1877 4572 1925 4634 ubi

333 4687 403 4733 cem
438 4669 681 4732 declarationem
716 4687 812 4731 sacrae
850 4659 1099 4752 congregationis
1153 4687 1259 4750 supra,
1274 4689 1305 4730 a.
1321 4673 1370 4733 31.
1388 4669 1484 4732 Addit
1497 4669 1582 4730 idem
1596 4669 1732 4744 Garoias,
1747 4685 1782 4728 n.
1801 4672 1859 4732 81.
1875 4685 1925 4728 666

335 4762 475 4838 concilii;
501 4762 650 4843 Barbosa,
676 4763 1101 4839 6.116161661,6.1.16.1.61
1154 4761 1232 4825 61166
1259 4763 1437 4826 consimiles
1468 4763 1721 4835 Declarationes3
1750 4778 1927 4840 earumque

335 4863 416 4940 part.
441 4859 489 4921 lll.
514 4857 552 4920 de
578 4856 666 4938 ⁰sfi0·
691 4866 721 4920 et
742 4866 847 4940 potest.
876 4858 960 4938 66166.
986 4877 1017 4918 6.
1039 4861 1098 4932 rt,
1154 4863 1265 4936 quarta
1288 4857 1332 4918 sic
1353 4864 1467 4921 sonat:
1489 4854 1794 4937 «congregauonis
1819 4853 1926 4914 6616

334 4951 664 5030 Ρ1616166,16.1.6.36;
681 4951 840 5029 66666166,
853 4950 1012 5030 6116668.
1026 4950 1102 5014 Cau·
1154 4950 1261 5012 bruar.
1278 4951 1366 5026 1690,
1382 4949 1503 5010 6666611
1529 4948 1667 5028 parocho
1690 4963 1786 5009 eausa
1809 4945 1926 5008 studia-

334 5045 433 5108 cellar.
445 5046 540 5127 gloss.
554 5047 583 5105 6.
596 5061 629 5104 6.
647 5047 715 5106 150.
732 5050 764 5106 61
778 5062 865 5125 seqq.
881 5047 914 5106 et
927 5044 996 5118 alii;
1013 5045 1103 5124 quid-
1155 5061 1226 5105 rum
1239 5060 1302 5104 nou
1319 5059 1388 5104 esse
1402 5041 1540 5103 dandam
1552 5042 1730 5114 licentiam
1745 5057 1823 5102 cum
1837 5038 1926 5101 hodie

335 5139 411 5220 quid
424 5137 528 5219 quoad
537 5138 672 5220 priorem
682 5144 801 5217 partem
816 5135 1103 5210 166661666161611-
1156 5157 1212 5218 per
1225 5135 1391 5200 concilium
1405 5153 1469 5198 non
1482 5136 1695 5210 admittantur,
1704 5134 1763 5196 nisi
1776 5149 1843 5215 per
1856 5151 1927 5195 con·

336 5240 387 5295 cat
399 5235 565 5310 Navarrus,
581 5249 649 5310 cap.
665 5247 733 5293 xxv.
750 5229 883 5292 Maaual.
899 5249 931 5293 n.
950 5234 1018 5294 113.
1031 5247 1102 5292 cam
1157 5247 1283 5290 cursum
1297 5227 1823 5310 [66616116661166616116116611.6
1834 5229 1924 5290 Serta

336 5325 492 5388 nonnullis
502 5323 743 5403 antiquioribus;
755 5341 889 5403 eamque
897 5325 1023 5386 dubiam
1034 5341 1102 5387 esse
1156 5341 1230 5386 vero
1253 5323 1297 5384 sic
1310 5321 1457 5400 loquitur,
1473 5323 1573 5401 Bjun.
1591 5323 1667 5384 1695
1683 5339 1693 5382 ¹:
1714 5321 1923 5401 6066666666-

337 5419 637 5484 censeatZerolaoit.
650 5415 1100 5498 1816116666116661161661.
1156 5417 1199 5478 tio
1214 5414 1336 5479 concilii
1350 5408 1554 5494 6666611666
1568 5415 1662 5478 licere
1675 5415 1825 5496 parochis
1831 5431 1925 5476 causa
