4016 6056
775 293 990 360 ADNOTA'I'IO
1012 295 1086 362 Vlll.
1661 291 1719 363 609

58 467 64 483 .
179 426 352 490 «Ριιιοιιιιι,
368 427 411 484 cni
423 427 623 500 copulationem
635 443 763 504 parspere
772 427 902 500 competit
958 432 1090 500 actorum,
1103 432 1125 486 ri
1141 431 1209 504 ipse,
1231 448 1285 490 non
1301 437 1394 491 autom
1415 433 1567 507 appellans,
1591 429 1718 504 prosequi

142 513 249 568 tenetur
270 513 473 569 matrimonium
499 519 666 570 contractum
692 531 755 570 cnm
778 512 903 570 omnibus
956 529 1062 572 cauum
1075 516 1191 574 soluerit
1206 516 1656 592 nquibnspoeteaaiappellanenti
1670 530 1719 570 ro·

140 611 233 652 rerum
247 597 389 669 adjunctis.
406 613 465 671 qum
481 598 515 654 ad
533 600 718 672 probationem
733 595 902 654 alliciendam
956 596 1048 669 luerit,
1062 600 1134 656 hunc
1147 604 1232 660 teneri
1247 621 1294 676 pro
1316 610 1373 661 rata
1392 620 1520 678 expansae
1539 601 1643 671 subire,
1664 597 1717 656 nisi

140 681 292 738 necemaria
305 682 349 736 rel
362 682 439 738 utilia
452 687 526 752 sunt,
544 683 614 739 libro
637 683 751 755 nuptiali
772 680 902 755 parochiae
955 682 1033 738 aliter
1044 683 1113 741 ierat
1126 684 1177 742 looi
1190 687 1365 746 consuetudo.

139 766 247 835 propria
273 783 355 822 manu
379 769 533 824 inscribere.
560 769 689 825 Distincte
706 767 791 842 igitur
811 765 904 838 expri·
991 785 1006 818 s
1022 769 1100 834 Quod
1113 788 1175 828 vero
1189 777 1290 844 spectat
1303 773 1337 829 ad
1351 789 1444 830 musas
1458 771 1560 840 civiles,
1575 767 1717 844 prelatum

139 855 250 906 mantua·
265 867 273 907 :
288 867 389 908 nomen
407 853 574 928 baptismale,
593 869 753 926 cognomen,
769 855 843 918 atas,
857 865 904 904 re·
956 851 1116 924 Conoiliam,
1129 873 1187 928 cap.
1202 858 1282 916 xxde
1294 857 1408 930 Reform.
1430 875 1495 916 sess.
1511 855 1599 924 lllllll,
1611 855 1646 910 irs
1661 859 1716 908 su.

139 934 217 1005 ligio,
232 935 361 992 habitatio
375 941 402 992 at
416 937 531 995 conditio
546 941 694 1012 conjugum
701 955 710 1008 3
735 938 846 1007 insopor
869 949 903 988 an
956 938 1008 992 tuit
1020 955 1028 994 ι
1042 957 1057 992 a
1069 941 1211 1011 Pratarea,
1226 943 1318 1016 siquis
1332 944 1360 998 in
1375 943 1481 1000 casibus
1494 945 1583 1014 ajuro
1604 938 1717 1012 permis-

141 1019 215 1092 prius
228 1021 289 1092 Jam
302 1021 474 1077 matrimonio
486 1021 572 1094 juncti
585 1023 687 1078 luerint
700 1037 799 1092 nocne;
821 1035 902 1092 porro
955 1023 992 1078 sis
1004 1025 1177 1096 appellaverit
1187 1033 1264 1086 etc...
1278 1048 1293 1084 a
1310 1028 1386 1086 Circa
1398 1027 1471 1101 quod
1481 1026 1621 1083 decretum
1635 1022 1719 1080 refert

139 1117 250 1170 nomen,
264 1103 359 1176 religio
381 1109 407 1160 ct
425 1105 541 1160 conditio
564 1115 705 1178 parentum
728 1122 758 1160 ac
781 1103 902 1170 testium,
955 1105 1028 1164 idem
1046 1109 1196 1182 Fagnanus,
1210 1112 1269 1169 loco
1291 1114 1337 1170 cit.
1361 1131 1408 1170 nn.
1432 1115 1466 1170 t3
1485 1116 1513 1169 et
1532 1111 1577 1168 ll.
1590 1107 1665 1182 qnod
1687 1105 1716 1162 S.

139 1185 384 1258 diesquo,necnon
397 1189 520 1245 sacerdos
533 1206 623 1244 coram
632 1206 686 1261 quo
697 1187 903 1245 matrimonium
956 1190 1130 1264 congregatio
1144 1193 1195 1248 luit
1208 1196 1237 1251 in
1250 1213 1329 1252 sensu
1343 1195 1522 1268 appellantem
1545 1191 1630 1248 teneri
1653 1205 1718 1263 pro·

139 1271 270 1327 inierunt.
285 1272 362 1338 Quod
379 1274 401 1328 si
423 1272 592 1331 difficultates
615 1275 785 1344 emerserint,
806 1271 902 1328 modus
956 1275 1021 1346 priis
1035 1278 1157 1349 expensis
1171 1278 1313 1336 transferre
1330 1281 1421 1336 omnia
1433 1285 1502 1346 anta,
1518 1279 1598 1334 etiam
1612 1273 1648 1330 ad
1659 1276 1719 1346 jera·

139 1373 194 1426 qno
216 1358 326 1414 sublate
341 1359 442 1415 luerint
455 1359 615 1416 indicandus
630 1362 691 1416 erit.
707 1358 858 1434 (instructio
872 1355 904 1412 de
956 1359 1022 1413 titire
1043 1375 1151 1416 causam
1172 1362 1381 1430 nonfacienda,
1405 1367 1433 1418 at
1454 1362 1482 1418 id
1506 1359 1606 1418 habore
1627 1359 1718 1414 locum

138 1441 227 1497 masis
242 1442 482 1513 mtrinocioiilas,
496 1444 513 1518 ᾖ
525 1447 559 1507 'ld
574 1445 607 1502 ad
621 1435 687 1502 calc.
702 1445 762 1503 Act.
777 1443 901 1501 ctdccrct.
956 1443 1036 1497 etiam
1056 1443 1085 1498 iu
1104 1447 1189 1500 causis
1215 1445 1346 1518 proianis,
1370 1446 1549 1522 spectantibus
1573 1442 1606 1500 ad
1629 1441 1718 1500 loram

138 1545 212 1586 conc.
233 1527 386 1586 Viennensis
399 1547 469 1586 anno
486 1531 554 1588 1858
568 1531 717 1605 celebrati.)
731 1551 746 1586 a
957 1527 1176 1599 ecclesiasticum,
1191 1531 1257 1586 etin
1269 1533 1423 1588 satisfactis
1446 1549 1462 1588 a
1482 1531 1602 1604 partibus
1626 1542 1717 1586 coram

954 1609 1046 1682 judice
1060 1609 1183 1683 delegato
1198 1616 1352 1686 apostolico,
1372 1617 1409 1672 ita
1427 1619 1458 1670 ut
1475 1611 1614 1686 appellans
1629 1605 1719 1666 audiri
1816 1635 1821 1644 ·

383 1693 577 1752 audouario
595 1695 653 1752 Vll.
957 1695 1108 1766 nequeatis
1122 1697 1205 1766 curia,
1216 1701 1267 1754 nisi
1281 1699 1352 1757 dieta
1365 1705 1422 1756 acta
1436 1699 1627 1773 producantur.

201 1837 261 1898 aa.
277 1839 313 1896 r.
331 1838 384 1896 ra.
398 1835 515 1914 uuas
533 1838 601 1908 uu.
616 1856 646 1896 a·
660 1839 766 1912 aar
781 1838 844 1898 nr.
957 1781 1720 1944 cisiiipssiiimijiiui⁰iiaiiiimdffl2

956 1947 1080 2022 delegato
1093 1950 1246 2022 apostolico,
1261 1953 1447 2026 appellationis
1457 1949 1559 2025 jndice,
1575 1951 1676 2007 nedum
1685 1947 1720 2006 ad

957 2033 1136 2089 eximendam
1151 2035 1255 2107 copiam
1268 2037 1401 2108 integram
1423 2041 1554 2105 actarum,
1577 2033 1624 2090 sed
1638 2035 1720 2091 etiam

176 2139 191 2176 a
209 2123 367 2194 Pracipites
381 2123 409 2176 ln
423 2121 549 2177 denmtcli
565 2123 609 2192 12,
630 2119 662 2178 G.
679 2121 834 2196 Perpernae,
853 2123 905 2181 1100
957 2117 1106 2188 originalia,
1121 2119 1226 2190 quoties
1238 2119 1316 2186 ⁴idern
1330 2120 1470 2194 delegatus
1485 2120 1519 2177 da
1532 2119 1586 2176 ilde
1601 2118 1720 2193 exempli

137 2206 229 2276 titulo,
242 2207 346 2279 copiam
356 2206 597 2262 instrumentorum
607 2209 805 2279 communium,
816 2209 904 2281 idest,
957 2219 1004 2260 seu
1018 2205 1101 2274 copia
1115 2206 1150 2258 sit
1163 2203 1272 2262 dubius.

136 2297 259 2347 aetorum
272 2291 301 2347 in
314 2293 400 2364 prima
414 2291 536 2347 instantia
550 2291 665 2348 dandam
681 2309 750 2362 asse,
765 2295 798 2349 ab
812 2297 905 2368 appel·
992 2287 1096 2345 »uum
1109 2295 1200 2346 autam
1215 2291 1385 2362 lnprinoiplo
1407 2291 1454 2346 cit.
1470 2307 1530 2364 cap.
1554 2305 1590 2346 xx
1615 2287 1720 2348 dicatur

137 2376 212 2430 lanta
239 2373 439 2448 producendam
472 2392 563 2431 coram
589 2373 681 2448 indice
706 2378 903 2450 appellationis.
959 2387 1045 2426 eausa
1066 2387 1161 2438 omnes
1178 2371 1314 2430 adieram
1328 2375 1538 2432 ecclesiasticum
1554 2373 1721 2446 apertinen-

137 2459 208 2516 iluio
222 2460 348 2515 martioni
361 2461 472 2516 accessit
491 2459 633 2517 decretum
648 2461 754 2517 concilii
768 2462 904 2518 Tridenti-
957 2461 1025 2512 teas
1042 2460 1132 2512 ortam
1145 2455 1197 2511 luit
1210 2456 1324 2513 dubium
1339 2460 1414 2514 auin
1429 2458 1499 2516 dicto
1514 2458 1611 2531 capite,
1622 2453 1722 2529 §rra-

136 2547 179 2614 ni,
206 2552 260 2601 tam
287 2545 376 2619 quoad
404 2562 495 2601 causas
515 2546 667 2602 criminales
687 2563 769 2618 quam
801 2549 904 2604 civiles.
958 2545 1037 2609 itm,
1060 2539 1322 2611 wfflprehendaniur
1341 2544 1423 2599 etiam
1437 2559 1524 2599 otus&
1541 2541 1667 2616 prolana,
1688 2539 1722 2596 td

136 2629 218 2695 Quod
240 2628 274 2686 ad
288 2646 380 2686 causas
393 2631 547 2686 criminales
561 2637 672 2703 spectat,
687 2631 792 2688 hecub
807 2631 903 2689 eodem
955 2623 1346 2699 judicemecclesiasticumper
1355 2627 1562 2700 appellationem
1574 2625 1721 2696 devolutn;

137 2713 268 2781 concilio,
280 2729 346 2768 sess.
361 2711 595 2787 lllll‚deilaforra.
606 2717 903 2786 cap.1u,aancitasunl‚
956 2703 1023 2781 uuas
1047 2709 1187 2782 Fagnanus
1201 2728 1229 2766 n.
1246 2715 1278 2767 ll
1292 2712 1375 2768 refert
1388 2711 1629 2784 Congragationem
1654 2724 1722 2765 cen·

136 2797 188 2852 ibi.
206 2797 307 2852 «Reus
325 2796 358 2851 ab
373 2799 498 2868 episcopo
513 2803 560 2854 ant
574 2801 633 2869 ejus
652 2799 750 2856 sicario
774 2802 802 2854 iu
824 2803 903 2873 spiri-
957 2795 1042 2849 saissa
1057 2811 1111 2849 non
1131 2794 1333 2867 comprehendi,
1352 2795 1417 2852 licet
1436 2795 1523 2868 judici
1545 2795 1721 2852 ecclesiastico

136 2901 152 2933 a
172 2880 290 2937 tualibus
305 2881 434 2954 genemli,
457 2883 483 2936 in
503 2883 636 2940 samueli
657 2901 737 2940 eausa
757 2887 903 2958 appellens,
958 2879 1105 2936 commissa
1119 2879 1301 2937 fuissentsivc
1316 2882 1345 2935 in
1358 2881 1455 2953 prima,
1475 2881 1528 2936 sire
1551 2879 1580 2935 iu
1603 2879 1723 2935 mouens

136 2985 152 3017 a
170 2981 259 3020 coram
280 2965 373 3036 judice
395 2963 531 3038 adquam
559 2968 702 3040 appellarit
728 2975 786 3026 acto
810 2973 904 3043 primm
958 2964 1091 3020 instantia.
1100 2964 1281 3021 Refertetiam
1296 2983 1325 3021 n.
1336 2967 1381 3036 32,
1395 2963 1484 3037 quoad
1492 2963 1647 3020 mercedem
1657 2962 1723 3018 dan·

137 3049 304 3105 »instantiae
318 3050 429 3105 omnino
450 3049 595 3122 producat;
617 3057 645 3110 et
661 3053 757 3125 judex,
781 3055 831 3110 uisi
850 3057 905 3112 illis
958 3048 1021 3102 dom
1034 3046 1148 3116 nummo,
1162 3065 1178 3102 t
1192 3047 1310 3104 Concilio
1324 3045 1723 3121 praecriptamcit.§Proeterea

136 3156 151 3188 a
169 3135 245 3202 visis,
261 3133 294 3189 ad
309 3136 368 3205 ejus
382 3134 579 3191 absolutionem
592 3137 705 3193 minime
725 3138 863 3211 pmcedsl.
880 3141 905 3196 le
958 3149 1026 3188 saer.
1040 3132 1280 3204 Congregstioncm
1294 3132 1345 3187 hoc
1360 3131 1501 3188 decretum
1519 3129 1658 3201 limitasse,
1679 3132 1722 3184 ri-

136 3237 153 3270 »
169 3223 260 3272 autam
274 3234 352 3289 aquo
367 3219 530 3289 appellatum
543 3218 626 3275 fuerit
639 3219 709 3275 intra
723 3221 833 3294 triginta
845 3223 905 3280 dies
958 3217 1057 3272 (1011002
1075 3216 1144 3272 ¹¹³³ss
1166 3217 1260 3288 “illuit
1278 3213 1393 3272 ΜΨ
1414 3231 1482 3284 ⁰⁵⁸0,
1503 3217 1526 3272 ii
1541 3214 1663 3271 miili·
1676 3216 1721 3284 siis

136 3321 152 3355 n
171 3303 229 3356 scta
237 3301 295 3373 ipsa
306 3301 450 3372 postulanti
458 3303 539 3374 gratis
545 3303 682 3375 exhibeat,
693 3305 793 3378 alioqui
805 3307 905 3380 absquo
958 3316 1011 3354 11⁰ss
1031 3315 1105 3369 lem,
1128 3300 1151 3352 εἰ
1165 3301 1199 3354 ῦίῖ
1212 3299 1387 3354 cancellatim
1400 3299 1528 3371 episcopi·
1545 3319 1556 3350 ¹
1576 3298 1721 3370 (Gimldul,

136 3403 153 3437 a
171 3383 224 3438 iliis
239 3400 318 3440 causa
335 3385 519 3457 appellationis
537 3384 704 3458 hujusmodi,
725 3395 805 3460 prout
822 3393 904 3462 justi·
958 3379 1093 3454 Expositis
1101 3381 1175 3454 jarria
1185 3381 1314 3455 pontificii
1321 3381 1403 3454 jacto
1415 3383 1578 3440 recentiorem
1600 3379 1723 3439 Eccimin

137 3489 153 3523 a
170 3471 207 3524 tia
221 3469 347 3540 suaserit,
362 3469 533 3544 terminetur.
548 3488 563 3523 a
958 3463 1132 3539 disciplinans,
1147 3471 1215 3538 part.
1226 3465 1247 3533 1,
1263 3471 1327 3521 sect.
1338 3467 1400 3521 ιιι.

178 3553 283 3611 «Circa
306 3553 378 3624 quod
403 3552 544 3608 decretum
568 3558 682 3609 testatur
705 3558 855 3629 laguenas,
878 3561 905 3615 in

138 3655 220 3712 snpra
236 3638 319 3693 relata
332 3635 457 3692 decretali
473 3653 501 3691 n.
521 3640 564 3705 il,
579 3638 820 3712 congregationem
833 3643 904 3699 Con·
1198 3629 1392 3689 ΑΒΝΟΤΑΤΙΟ
1410 3629 1480 3688 Vll!-

156 3723 195 3776 'ii
268 3723 425 3776 aiseenon
489 3723 606 3776 eitiu
809 3727 890 3742 ““·

138 3723 401 3879 ἓέιιιιωρῃιοιὲοᾶιιιιι
415 3721 793 3877 οιθῖιιὶιξοῦἱιᾱείὲἰίῗᾱὲιωιῖιῃ
805 3735 905 3884 3¹:23
1000 3775 1073 3840 ω·
1090 3775 1123 3834 Π·
1142 3774 1194 3834 m·
1209 3775 1297 3834 XXII·
1311 3778 1328 3850 5
1342 3775 1390 3845 ῙΧι
1401 3794 1430 3832 '⁸’
1443 3775 1506 3844 ’θοι
1519 3792 1584 3855 Μ·
1601 3773 1663 3833 ¹33·

138 3890 195 3944 lam
208 3889 298 3962 partia.
313 3891 382 3954 Quia
394 3907 459 3946 raro
473 3891 502 3945 in
515 3893 595 3946 citato
610 3909 675 3964 cap.
691 3909 733 3959 ru,
753 3896 903 3952 Concilium

139 3971 208 4026 nihil
228 3973 394 4046 statuitque
416 3979 493 4046 pacto
514 3990 594 4030 cauea
615 3976 672 4031 sine
686 3978 753 4032 actia
767 3982 904 4036 terminari
1122 4019 1125 4026 ·

139 4057 224 4128 possit
238 4064 284 4110 aut
303 4055 409 4125 debeat,
433 4059 511 4112 sicuti
532 4074 586 4129 quo
608 4060 729 4116 remedio
751 4078 906 4120 succurren-
994 4059 1246 4118 canonistmdocaut
1260 4059 1398 4130 episcopos
1411 4074 1504 4114 creare
1516 4073 1593 4128 posse
1604 4060 1723 4114 notarios

142 4141 208 4196 dum
223 4143 258 4195 sit
271 4142 416 4213 appellanti
430 4143 456 4196 in
471 4143 629 4200 delinitione
638 4161 735 4216 canan,
750 4147 772 4202 si
787 4150 906 4205 notarius
960 4163 1009 4218 pro
1024 4145 1080 4200 auis
1093 4145 1239 4216 respective
1253 4141 1423 4209 discessibus,
1444 4149 1472 4197 et
1491 4159 1583 4198 revera
1603 4145 1722 4199 notario·

140 4225 248 4281 diderat
260 4226 453 4281 exhibitionem
467 4231 599 4297 actorum,
617 4235 645 4284 et
660 4229 746 4300 iudex
760 4233 797 4287 eit
815 4234 842 4287 in
856 4234 907 4290 hoe
960 4248 1021 4286 rum
1036 4228 1194 4300 hujusmodi
1215 4227 1302 4283 cilicia
1322 4225 1400 4282 valde
1424 4225 1502 4283 utilia
1521 4232 1585 4282 sunt
1598 4234 1722 4301 respectu

140 4311 293 4381 culpabilia,
309 4326 363 4365 non
377 4309 528 4383 adiiciendo
544 4313 572 4368 in
590 4319 738 4387 utrumque
762 4317 800 4372 ita
820 4317 907 4376 dalin·
961 4319 1015 4370 am
1029 4313 1145 4386 episcopi
1164 4328 1245 4383 quam
1264 4311 1445 4367 subditorum.
1466 4311 1506 4366 Sit
1525 4311 1722 4384 inexemplum

139 4400 268 4468 quantem
282 4393 418 4450 dumtaxat
432 4411 551 4468 paenam,
566 4403 597 4453 ut
616 4397 708 4455 ridere
732 4406 772 4458 est
797 4402 825 4457 in
846 4421 906 4477 cap.
961 4399 1080 4473 opusoui
1095 4398 1213 4452 titulus:
1229 4395 1376 4470 Lapersait
1399 4395 1498 4452 autoire
1526 4394 1724 4472 apameam

139 4495 187 4546 xx,
201 4493 268 4534 sesa.
284 4477 373 4548 lilllV,
387 4478 421 4535 de
435 4496 491 4552 quo
510 4481 589 4550 inira,
614 4483 709 4539 eadem
729 4485 906 4560 Congregntic
960 4487 1060 4542 loanne
1073 4483 1209 4539 Ludorico
1224 4482 1324 4537 Bruuet
1344 4487 1500 4553 exaratum3
1515 4481 1722 4539 secundaeditio
1776 4497 1780 4508 ·

140 4563 257 4632 censuit,
272 4568 303 4617 ut
316 4561 399 4618 raiert
413 4561 538 4619 laudatus
551 4564 701 4642 Fagnanua,
724 4569 778 4625 loc.
797 4573 842 4626 cit.
858 4589 906 4628 nn.
961 4569 1048 4624 revisa
1061 4567 1268 4637 notabiliterque
1282 4572 1369 4635 anon,
1385 4566 1525 4639 Lugduni,
1542 4570 1620 4638 lilii,
1635 4570 1653 4624 2
1667 4569 1722 4624 rol.

140 4649 176 4702 29
204 4651 231 4702 et
251 4649 298 4716 ³2,
319 4645 464 4703 tenendam
483 4664 541 4704 erae
564 4651 695 4709 theoriam
710 4655 857 4710 iunocentii
873 4655 907 4711 sd
960 4655 1045 4711 ιιι-40.
1062 4656 1091 4710 ln
1103 4653 1259 4726 hocopare‚
1279 4656 1339 4724 post
1360 4652 1573 4709 dissertationem
1595 4655 1723 4724 proriam

140 4731 212 4786 hanc
226 4729 388 4786 decretalem
403 4747 431 4786 n.
449 4736 458 4787 t
465 4771 474 4800 ,
488 4749 504 4786 a
518 4736 664 4790 canonialis
683 4741 710 4792 et
733 4738 835 4810 legistis
852 4738 906 4796 lra-
961 4741 995 4798 de
1018 4741 1185 4796 notariorum
1207 4738 1313 4811 origine
1325 4743 1353 4794 at
1365 4737 1399 4794 da
1412 4739 1556 4806 notmiatu,
1571 4743 1625 4792 tota
1638 4742 1723 4794 mate·

140 4814 318 4888 quentissimc
333 4821 481 4889 receptam,
495 4817 629 4884 videlicet,
644 4821 756 4876 consito
766 4821 801 4878 de
810 4827 907 4878 contu·
961 4825 1015 4880 ries
1029 4824 1056 4878 in
1071 4838 1167 4878 norem
1180 4821 1263 4878 libros
1276 4821 1404 4876 dividitur
1417 4820 1518 4877 scilicet
1533 4836 1541 4873 :
1556 4821 1578 4878 l.
1593 4819 1631 4874 Do
1645 4820 1724 4874 uariis

140 4900 231 4955 macla
241 4899 342 4971 judicis
355 4917 370 4955 a
385 4917 449 4973 qno,
465 4903 598 4958 etnotsrii
612 4906 762 4962 recusantis
777 4906 905 4963 exhihere
962 4909 1127 4964 notariorum
1151 4906 1358 4979 apostolicorum
1386 4906 1539 4979 generibus,
1568 4901 1602 4960 de
1629 4919 1724 4958 eorum

140 4989 211 5052 acta,
236 4989 342 5055 partam
358 4983 457 5059 judicia
477 4985 511 5042 ad
526 5003 608 5059 quern
623 5004 681 5044 assa
696 4990 877 5062 appellantem
892 5009 908 5048 a
963 4993 1143 5066 competentia
1156 4997 1183 5046 et
1201 4991 1310 5062 ciliciis,
1322 4993 1358 5048 ll.
1374 4993 1412 5048 llo
1427 4991 1492 5046 actis
1504 4987 1539 5046 ad
1559 4993 1726 5045 sacmmanta

142 5069 276 5124 molestiis
289 5070 437 5139 absolvere,
454 5075 481 5126 et
495 5077 668 5144 pronuntiare
681 5082 739 5130 acta
752 5081 780 5131 at
796 5085 907 5134 senten·
962 5076 1157 5149 spectantibue;
1173 5075 1219 5134 lll.
1235 5075 1274 5130 ila
1285 5076 1349 5130 actis
1363 5075 1396 5130 ad
1410 5074 1551 5147 dignitates
1565 5072 1727 5128 ecclesiasti·

143 5155 209 5208 dam
228 5154 329 5226 iudicis
342 5172 359 5211 a
370 5173 436 5229 qao,
458 5157 481 5211 si
500 5157 570 5213 forte
586 5175 705 5233 unquam
729 5163 907 5234 reperiantur,
933 5223 938 5236 ,
962 5179 1005 5218 cae
1019 5161 1200 5234 spectantibus
1206 5177 1216 5230 ;
1229 5159 1273 5215 lV.
1289 5159 1327 5214 lle
1342 5153 1407 5216 actis
1417 5155 1600 5231 juridictionis
1615 5155 1724 5229 episco-

142 5255 218 5294 cassa
232 5237 289 5294 lore
311 5244 340 5294 et
360 5257 442 5314 rana;
457 5241 604 5299 dammodo
629 5250 718 5300 umen
736 5251 828 5318 petens
845 5249 909 5304 ralit
930 5243 938 5259 ’
962 5245 1043 5320 palis3
1057 5244 1098 5312 ,V.
1122 5245 1161 5300 lie
1178 5243 1243 5298 actis
1265 5259 1326 5314 quea
1347 5242 1492 5315 respiciunt
1505 5239 1539 5296 ad
1551 5241 1683 5297 beneficia
1698 5243 1727 5296 in

143 5339 274 5404 expensas
288 5324 486 5384 administrare.
496 5329 606 5386 Gemuit
614 5330 696 5385 etiam
709 5330 780 5386 dicta
788 5333 908 5406 Congre-
962 5347 1074 5406 ganerm
1090 5330 1135 5386 vl.
1150 5329 1189 5385 lle
1202 5329 1292 5386 modis
1305 5329 1430 5384 canonice
1443 5325 1617 5399 perveniendi
1629 5326 1664 5382 ad
1677 5328 1726 5383 be-

145 5407 218 5478 gatio
232 5407 396 5480 appellatum
415 5411 501 5466 teneri
520 5410 555 5466 ad
578 5428 706 5484 expensas
729 5413 908 5472 translationis
963 5415 1074 5487 naficia;
1087 5415 1146 5472 Vll.
1161 5415 1200 5470 Ile
1214 5415 1278 5470 actis
1291 5410 1419 5468 molendis
1430 5415 1459 5467 ut
1471 5411 1634 5468 beneficiam
1647 5428 1727 5470 cano·

137 2001 172 2042 nl
188 1999 262 2042 ΔΠΙΒ
278 1999 457 2041 raonucattms
474 1997 561 2039 COllss
579 1999 671 2040 tunica
689 1999 902 2042 aerumnosis.

1060 3938 1094 3978 DE
1107 3936 1228 3978 nonnus
1242 3937 1291 3978 PRO
1305 3936 1395 3978 musis
1408 3935 1623 3978 mcafllasncla.
