4080 6064
150 277 156 300 ¹
277 271 426 386 §tun
446 275 626 342 I'OE'IIBIIS
645 275 882 354 confutant,
904 279 1172 356 inmaculata,
1193 283 1242 344 ΕΤ
1262 279 1570 347 VAGILLANTIBUS.
1671 283 1709 346 37

143 400 225 488 quad
235 409 350 490 agitur,
365 409 428 472 sint
441 411 562 486 attenti,
575 412 694 474 crateris
707 429 770 474 non
794 412 900 474 adrer-
954 411 1162 476 demnandum
1175 434 1183 490 ;
1200 417 1406 496 praeterquam
1420 416 1451 479 in
1464 415 1584 480 liberali
1597 431 1710 492 cansa,

142 503 288 578 tentibus,
303 505 355 566 rel
365 521 427 565 non
440 505 628 578 comnibus,
645 510 698 566 sut
716 511 823 586 postea
837 525 899 567 non
954 505 985 568 id
1000 513 1057 582 cst,
1072 509 1104 569 in
1119 525 1211 570 causa
1225 509 1395 585 favorabili,
1408 519 1493 590 puta,
1505 511 1710 592 matrimonio,

142 597 270 677 amptius
283 597 538 672 recordantibus3
560 606 591 662 at
603 599 675 660 hino
688 601 790 681 aptius
803 605 834 662 et
848 619 901 662 na·
953 597 1106 678 libertate,
1129 601 1212 681 dote,
1235 609 1289 664 aut
1310 607 1535 678 testamenta»
1553 612 1642 685 prout
1663 625 1713 670 ex-

142 689 267 752 toralius
280 697 328 752 est
341 691 553 754 testimonium
576 693 807 770 affirmantium,
822 711 901 776 prae·
954 693 1100 774 plicatum
1123 713 1190 776 cap.
1215 696 1270 758 uit.
1292 693 1326 758 de
1349 693 1477 758 Sentent.
1498 704 1525 758 et
1542 695 1710 779 rejectioni.

141 783 245 846 sertim
266 784 293 844 si
313 783 418 863 plures
441 783 514 860 sint,
537 786 689 866 bonaque
707 787 792 861 fidei,
807 805 901 866 qoam
954 789 1040 852 Unde
1057 807 1162 852 versus
1175 789 1407 870 apudtilossam
1419 789 1533 853 ibidem
1546 790 1644 855 relati.

140 877 331 956 negantium.
346 876 410 938 Nec
423 876 536 953 obstat,
552 879 635 956 quod
650 877 754 940 Abbaa
773 879 831 942 toc.
848 879 898 942 cit.

140 975 265 1044 emeret,
277 968 395 1032 dictum
405 967 497 1030 illud:
513 971 638 1052 «nugis
653 971 841 1034 credendum
856 981 902 1037 est

139 1061 257 1125 duobus
280 1062 517 1138 anmantuus,
538 1081 632 1144 quam
646 1070 769 1127 centum
784 1069 902 1146 negari·-

140 1155 259 1229 unua»
282 1155 385 1216 solnm
404 1156 585 1236 procedere,
610 1157 735 1238 quando
757 1160 901 1238 negativa
993 1161 1062 1224 326.
1086 1160 1174 1224 Terta
1186 1162 1243 1226 siti
1255 1163 1313 1247 ipsi
1322 1164 1495 1244 contrarius,
1511 1163 1710 1248 nitilprotot.

139 1267 198 1312 noo
220 1253 268 1310 est
292 1251 458 1328 mamista,
480 1254 587 1332 utpote
607 1269 676 1331 qua
690 1269 762 1314 veru
775 1252 900 1334 probari
952 1285 990 1303 -
1006 1255 1156 1327 Quat-itur
1169 1257 1217 1320 111.
1235 1259 1281 1322 tu
1296 1260 1404 1339 probet
1418 1259 1504 1322 tastis
1518 1259 1575 1322 sibi
1590 1268 1713 1324 contra·

139 1363 198 1407 non
206 1348 334 1424 potest:
351 1359 452 1420 secus,
465 1345 492 1404 si
506 1350 553 1406 ast
566 1349 732 1418 coarctata,
747 1363 818 1407 cum
832 1347 900 1412 haro
952 1344 1028 1422 rius,
1043 1349 1092 1410 rel
1105 1349 1207 1430 potins
1221 1352 1259 1414 sit
1272 1352 1471 1433 puniendust
1492 1353 1583 1433 Itesp.
1600 1354 1622 1414 I.
1642 1355 1715 1416 Cer·-

139 1437 246 1498 sattem
269 1435 422 1498 indmoctu
446 1435 570 1516 probari
583 1439 690 1520 possit.
704 1439 772 1500 Iton
787 1439 897 1516 obstat,
953 1443 1020 1502 tum
1034 1447 1091 1519 est,
1107 1443 1133 1506 si
1146 1462 1227 1506 unus
1240 1445 1385 1526 idemque
1404 1446 1491 1509 testis
1512 1445 1634 1508 sibimet
1655 1447 1714 1528 ipsi

137 1533 262 1611 inquam
280 1549 288 1590 ε
305 1530 379 1610 quia
390 1531 469 1593 ratio
482 1532 575 1596 suan
594 1551 633 1596 cx
650 1535 741 1596 toan.
764 1533 897 1612 Andrea,
953 1549 1097 1615 expresse
1114 1536 1302 1601 contradicat
1314 1539 1344 1601 in
1361 1557 1418 1600 sua
1431 1538 1621 1620 depositione
1632 1537 1714 1620 judi·

138 1625 229 1686 etiarn
250 1631 344 1706 urget
363 1624 396 1701 in
417 1624 561 1707 negativa
575 1631 748 1700 coarctata3
765 1627 823 1688 nisi
836 1627 900 1688 ior·
953 1627 1033 1704 ciali,
1062 1645 1125 1692 non
1152 1631 1255 1694 valere
1285 1633 1353 1712 ejus
1379 1632 1613 1709 testimonium,
1655 1631 1714 1697 nisi

137 1717 360 1798 conprobetur,
373 1715 421 1779 rel
431 1717 555 1779 aliunde
565 1721 694 1796 constet,
705 1717 899 1780 testestoisss
951 1720 1055 1782 forsan
1075 1722 1134 1784 hcc
1152 1723 1259 1788 fecerit
1281 1726 1313 1788 in
1334 1727 1501 1791 continenti
1529 1728 1713 1810 corrigendo

136 1812 173 1872 sd
183 1812 292 1872 omnin
300 1817 444 1886 aucuns,
456 1811 576 1892 riteque
585 1811 896 1892 omniumrscordari‚
952 1813 1184 1894 dictumsnum,
1204 1837 1276 1880 narn
1298 1825 1369 1882 tunc
1391 1823 1489 1884 statur
1508 1821 1588 1885 dicto
1611 1829 1715 1902 poste.

136 1905 309 1986 presertim
335 1903 493 1983 quuendo
522 1907 562 1966 de
594 1905 683 1968 iactis
709 1896 896 1970 recentibus.
950 1909 1035 1985 riori,
1060 1913 1164 1989 utpote
1186 1912 1271 1991 prius
1291 1913 1466 1992 corrigenti.
1482 1915 1527 1976 Ila
1541 1917 1715 1978 communis

137 1997 624 2078 Deindeincesunositotertiur
643 1999 706 2072 ine,
721 2015 841 2079 negans
864 2011 897 2058 sa
950 2007 1122 2068 doctorum.
1148 2005 1185 2067 Ec
1208 2003 1332 2086 quidem
1362 2009 1461 2086 prima
1486 2023 1557 2089 pars
1582 2008 1715 2072 nasetur

137 2089 325 2168 intertmsee,
344 2096 400 2152 aut
420 2091 537 2171 aliquid
551 2093 641 2166 scire,
656 2098 704 2153 est
717 2091 825 2152 unirus
839 2097 898 2152 tas·
950 2119 978 2164 ο,
1001 2097 1197 2162 Nihilominus
1216 2103 1245 2162 3,
1266 2105 1375 2182 quaest,
1392 2105 1420 2166 9,
1439 2107 1468 2164 et
1482 2121 1550 2164 can.
1567 2101 1649 2180 Quod
1660 2124 1715 2166 au.

136 2184 174 2246 tis
190 2203 198 2246 :
214 2183 300 2264 atqui
318 2184 433 2244 «nulla
445 2183 497 2246 Iex
510 2185 601 2246 unius
613 2185 788 2248 testimonio
804 2179 898 2246 etiam
951 2200 1017 2255 tan.
1033 2193 1123 2271 naq.
1140 2196 1169 2253 7.
1186 2192 1560 2258 etc.Sollicitudinem.3I.
1571 2196 1602 2257 in
1616 2195 1714 2262 finde

137 2278 246 2340 nauso
256 2279 437 2358 quempiam
446 2277 894 2357 fflndssmsstisttlt'utfifittirt
950 2285 1096 2368 Appellat.
1119 2283 1160 2347 ibi
1183 2303 1190 2348 :
1216 2287 1311 2348 «Non
1336 2295 1383 2350 est
1407 2294 1554 2368 tanquam
1583 2289 1712 2353 adversa

137 2376 170 2434 ut
189 2372 302 2434 dicitnr
316 2389 387 2434 can.
400 2371 564 2434 termae
577 2381 614 2434 te.
629 2375 678 2435 33.
695 2375 804 2450 mast.
820 2373 849 2432 t.
867 2376 898 2432 at
950 2385 1070 2460 patens,
1094 2383 1126 2442 et
1148 2379 1204 2440 sibi
1223 2381 1395 2442 contrarios
1409 2381 1591 2459 audiendus,
1609 2407 1623 2443 r
1642 2402 1713 2446 cum

137 2483 163 2526 c.
178 2455 259 2528 Licet
271 2465 424 2527 anam
439 2468 489 2528 23.
504 2466 537 2527 h.
553 2473 576 2528 t.
593 2483 677 2547 argo.
695 2465 748 2528 Itis
761 2462 840 2526 adde
854 2465 899 2526 di·
951 2471 1183 2534 concordantis.
1210 2474 1311 2556 Atque
1330 2473 1445 2536 idcirco
1459 2475 1490 2536 in
1505 2493 1532 2538 c.
1549 2475 1630 2540 Licet
1643 2497 1714 2540 ccu-

138 2557 234 2619 canda
247 2557 434 2622 Interiostit.
449 2560 539 2623 XXII.
554 2559 599 2622 lle
611 2556 685 2622 Fide
698 2561 899 2622 tutamento·
950 2582 1021 2626 mm.
1033 2563 1096 2644 9.'§
1111 2565 1290 2648 Quamquam
1304 2565 1340 2628 de
1353 2567 1474 2630 Probat.
1489 2569 1578 2631 multi
1593 2567 1712 2632 Faven-

135 2669 208 2714 rrcn.
223 2652 242 2731 ξ
255 2655 304 2716 70.
322 2673 354 2716 n.
369 2656 439 2716 sce.
455 2660 487 2716 et
500 2668 586 2734 seqq.
776 2667 779 2674 “
951 2657 1084 2718 tinorum
1107 2651 1201 2720 testes
1219 2658 1435 2740 reprobantur,
1458 2679 1528 2723 curn
1547 2661 1670 2724 sibimet
1681 2662 1712 2724 in

171 2748 241 2806 aar.
267 2745 397 2808 Territus
417 2765 454 2810 ee
471 2745 856 2830 unoquepoetepenductrir,
871 2753 899 2808 et
952 2750 1029 2812 serie
1053 2750 1099 2811 sui
1126 2751 1293 2813 testimonii
1320 2753 1542 2817 contradicent.
1573 2755 1712 2829 Accedit,

135 2838 284 2920 misma
309 2839 473 2916 murat,
498 2840 552 2924 qui
570 2841 629 2904 siut
648 2839 900 2922 preferendii-
953 2843 1036 2924 quod
1058 2847 1180 2907 nausii
1203 2848 1410 2928 maiorratio,
1436 2867 1492 2910 cur
1519 2848 1571 2910 uni
1598 2851 1710 2930 potius,

134 2932 223 3014 Resp.
240 2936 289 2996 III.
304 2933 434 3007 Quodsi
454 2933 616 2998 manifesta
638 2935 839 2999 contrarietas
859 2933 900 2996 sit
953 2955 1046 3018 quam
1070 2938 1156 3002 alteri
1180 2938 1261 3002 dicto
1282 2943 1353 3004 talis
1380 2943 1465 3006 testis
1488 2943 1545 3004 sihi
1569 2941 1712 3005 contrarii

134 3025 322 3090 intentantes
337 3030 408 3090 hinc
421 3028 492 3091 inda
506 3029 686 3108 productus,
698 3045 737 3090 ex
746 3034 833 3108 parte
851 3045 900 3088 ac-
954 3031 1106 3094 credatur.
1122 3035 1186 3096 Irno
1202 3053 1240 3096 ex
1253 3035 1415 3099 manifesta
1429 3035 1480 3098 illa
1498 3038 1713 3100 contrarietate

133 3122 361 3186 wnsndelioet
374 3123 481 3198 aerei,
502 3129 576 3186 tunc
594 3123 619 3186 si
639 3125 733 3186 testes
756 3121 900 3201 utrinque
954 3121 1092 3190 redditor
1120 3127 1203 3192 testis
1230 3137 1402 3210 suspectus,
1430 3134 1522 3210 atque
1552 3133 1710 3213 perjurus3

134 3217 274 3302 producti
288 3215 430 3298 ejusdam
443 3218 505 3279 sint
518 3216 700 3294 honestatis,
715 3222 808 3297 atque
823 3216 901 3279 axis.
954 3237 1024 3281 cnm
1046 3220 1191 3298 juraverit
1208 3219 1312 3283 dicere
1327 3221 1498 3300 veritatem,
1515 3228 1546 3285 et
1559 3215 1714 3288 cantaria

134 3313 310 3386 imationis,
335 3311 543 3392 preferantur
562 3329 692 3374 numero
713 3314 818 3392 plures
838 3340 846 3382 :
872 3327 898 3390 sp
953 3311 1146 3390 nonpossint
1160 3327 1229 3375 ease
1243 3331 1329 3375 rara.

135 3427 205 3471 raro
215 3413 310 3470 testas
320 3423 431 3468 muna
441 3409 529 3486 parte
539 3405 679 3486 producti
693 3412 786 3472 tanta
800 3431 900 3493 praee.
992 3407 1060 3467 327.
1082 3403 1151 3468 Nisi
1157 3406 1257 3488 forsan
1266 3407 1457 3470 incontinenti
1465 3415 1623 3472 corroserit
1629 3408 1713 3492 prius

135 3501 286 3564 minantia
320 3499 446 3574 tuerint,
482 3501 566 3580 quod
595 3517 703 3564 eorum
732 3509 899 3572 auctoritas
951 3493 1083 3575 dmum
1105 3517 1174 3560 nam
1196 3505 1264 3561 tune
1285 3507 1380 3562 statur
1400 3497 1554 3582 portenae·
1573 3500 1713 3564 «77710.-
1780 3515 1799 3542 ⁸

134 3597 242 3658 marito
280 3594 320 3655 sit
354 3593 551 3675 prater-enda
584 3595 714 3660 aliorum
748 3613 896 3684 numero,
951 3591 1056 3654 Altera
1084 3608 1156 3652 vero
1182 3611 1253 3672 pars
1282 3594 1414 3656 habetur
1440 3611 1585 3673 expressa
1618 3593 1649 3655 iu
1682 3591 1709 3658 ὁ.

137 3694 209 3751 tunc
242 3688 412 3766 praestant
445 3688 614 3769 digniores,
650 3697 682 3753 ει
709 3693 899 3760 ηρῃῑεῑωῃῑψ
952 3679 1158 3746 Privernate
1174 3681 1245 3747 I'eet
1263 3685 1380 3768 emend.
1397 3686 1453 3750 ibi:
1474 3687 1713 3759 «Quorumtes-

132 3799 167 3842 ra
198 3773 405 3859 deponentes.
425 3783 471 3844 Ito
497 3794 678 3862 expressum
709 3785 840 3849 hahetur
865 3789 897 3850 in
951 3775 1089 3855 timonis,
1114 3776 1139 3836 si
1161 3778 1348 3860 quandoque
1368 3798 1431 3842 nun
1449 3780 1596 3857 studiose,
1612 3780 1712 3842 sedin

133 3875 162 3935 d.
177 3893 206 3940 e.
221 3873 382 3936 numeru.
408 3875 440 3936 Ir.
466 3880 488 3936 t.
509 3877 615 3955 juncta
637 3878 743 3940 titum
767 3880 842 3943 thid,
865 3882 898 3944 in
952 3868 1134 3951 proterendo
1171 3871 1362 3950 erraverint,
1392 3876 1424 3936 et
1451 3892 1484 3935 sa
1510 3871 1711 3935 incontinenti

132 3985 217 4044 crau,
233 3972 316 4032 recte
329 3975 469 4046 nomnte,
484 3971 569 4050 quod
582 3987 645 4033 norr
659 3989 783 4055 semper
799 3973 899 4056 judex
952 3963 1149 4040 correxerint,
1161 3965 1318 4047 reprobari
1333 3973 1395 4028 non
1409 3967 1524 4032 debent
1539 3985 1546 4028 :
1562 3991 1577 4027 r
1596 3972 1628 4029 et
1641 3984 1713 4029 con-

135 4060 248 4124 debeat
264 4077 297 4122 se
317 4061 435 4124 reterre
456 4063 498 4124 ad
518 4064 744 4128 multitudinem
759 4065 896 4143 testium,
952 4064 1119 4139 sequenter
1138 4064 1237 4121 statur
1250 4060 1410 4141 posteriori
1424 4077 1533 4123 eorum
1546 4058 1638 4122 dicto.
1653 4057 1712 4122 Ubi

137 4154 191 4216 sad
212 4155 315 4234 potius
337 4153 379 4215 ad
399 4173 507 4216 eornm
523 4156 716 4219 honestatem
731 4161 762 4222 et
781 4159 897 4240 opinio·
953 4151 1059 4228 Glossa
1072 4153 1137 4232 Iyu
1158 4153 1193 4216 In
1216 4153 1385 4217 continenti
1412 4176 1428 4214 n
1450 4153 1581 4236 explicat
1594 4153 1638 4232 (id
1652 4155 1711 4232 est,

135 4263 218 4324 nem,
235 4249 268 4308 et
277 4244 331 4326 qni
350 4245 564 4308 verisimiliora
584 4247 707 4323 dicantt
731 4255 818 4330 pota,
836 4249 898 4332 juri
952 4245 984 4308 in
1006 4244 1117 4309 eadem
1134 4245 1278 4309 instantia
1291 4247 1409 4328 judicii,
1424 4253 1590 4328 antequam
1603 4247 1712 4338 quua-

135 4355 283 4416 oonsona,
300 4341 349 4404 rel
362 4341 482 4420 aptiora
494 4341 629 4422 nogotio.
950 4343 1002 4404 tur
1015 4339 1164 4422 partibus)
1179 4341 1227 4404 rei
1241 4346 1410 4422 antequam
1423 4341 1587 4405 recedatur
1599 4360 1617 4402 a
1631 4358 1712 4422 pra-

174 4431 246 4494 35.
269 4427 398 4493 Partitur
425 4449 464 4494 cc
490 4439 613 4514 atowe
635 4441 720 4516 porte
732 4435 895 4520 productis,
952 4433 1050 4496 sentia
1070 4433 1182 4516 judicis
1199 4454 1206 4497 :
1222 4435 1296 4516 quia
1308 4431 1417 4516 p'ostea
1431 4435 1615 4498 subornatus
1635 4451 1712 4516 prra-

134 4521 325 4602 etnrcnr'ferte
338 4523 505 4597 amende,
520 4525 572 4606 qui
582 4525 898 4609 rirtproeserendil-
952 4525 1123 4589 rumitant
1144 4527 1202 4591 Vel
1223 4534 1305 4590 certe
1329 4529 1418 4609 juxta
1444 4527 1651 4606 Hostiensern,
1680 4529 1713 4590 et

135 4617 225 4696 terp.
249 4617 298 4678 IV.
329 4617 360 4678 Si
379 4633 453 4677 vero
477 4622 571 4680 testes
592 4637 631 4680 ex
654 4625 784 4700 nmqrre
810 4625 897 4702 parta
951 4621 1089 4682 Glossam
1109 4621 1313 4701 marginalem
1326 4619 1401 4684 ibid.
1416 4621 1449 4685 id
1462 4621 1587 4684 arbitrio
1597 4619 1712 4701 judicis

132 4709 271 4789 producti
287 4709 415 4772 omuino
433 4725 524 4796 pares
538 4712 682 4789 existant,
698 4718 729 4777 ct
741 4715 899 4794 deponant
951 4714 1011 4774 erit
1031 4712 1277 4792 relinquendum,
1300 4720 1333 4777 ut
1354 4715 1549 4778 consideratu
1563 4713 1711 4795 qualitate

139 4805 303 4881 connais,
320 4811 395 4866 tunc
408 4820 465 4885 pro
479 4821 532 4866 reo
547 4803 644 4867 tantur
657 4808 810 4870 sententia
820 4826 827 4869 r
839 4807 897 4870 nIsi
951 4823 1101 4886 persona,
1113 4805 1283 4884 quantitate
1293 4807 1454 4886 intervalli,
1471 4806 1624 4886 colloquio
1638 4824 1711 4887 par·

133 4897 235 4960 forsan
262 4905 348 4961 actor
375 4905 499 4960 moreat
525 4917 651 4962 cauam
685 4893 895 4981 favorabIIer'n,
950 4901 1037 4974 tium,
1055 4895 1225 4979 etreliquis
1238 4901 1473 4963 circumstantiis
1487 4899 1709 4963 correctionem

135 4999 266 5056 aunam
289 4992 431 5056 videlicet
444 5007 499 5074 pro
518 4993 723 5069 matrimonio,
742 4993 895 5075 libertate,
950 4993 1102 5068 admittat,
1118 4995 1165 5054 rei
1179 5012 1252 5056 non.
1267 4994 1461 5058 Concordant
1474 4995 1554 5057 dicta
1569 4994 1709 5092 superius

133 5086 215 5160 dote,
229 5093 282 5148 ant
301 5093 499 5150 testamento.
522 5089 567 5150 Ita
589 5091 692 5150 textus
706 5088 852 5150 ciaconio
866 5107 894 5150 c.
949 5089 995 5150 tit.
1011 5085 1112 5151 XVIII.
1128 5085 1162 5150 de
1177 5086 1331 5171 conficis.
1344 5090 1361 5170 ξ
1374 5093 1403 5152 3.
1419 5100 1452 5150 n.
1467 5092 1517 5152 78.
1534 5095 1565 5150 et
1579 5091 1627 5149 79.

134 5177 186 5242 Ea
206 5180 318 5244 ittera.
342 5183 373 5244 3.
396 5180 433 5242 de
454 5179 625 5243 Prolation.
647 5181 714 5243 Ibi:
736 5201 750 5240 u
764 5183 852 5254 Quod
869 5182 895 5244 si
988 5183 1056 5244 328.
1083 5179 1169 5244 Tertia
1183 5179 1337 5265 injudicio
1350 5180 1711 5264 rmtcmudeponensstrt

134 5274 293 5337 ambarum
310 5275 448 5356 partium
468 5281 562 5338 testes
585 5274 646 5337 sint
662 5281 755 5354 elque
778 5273 893 5349 idoneI,
949 5273 1707 5358 competenterpunirndur,·etqualitert-Respss.

135 5371 317 5449 macris
335 5373 431 5432 testes
449 5367 651 5450 preferantur
671 5387 678 5429 :
700 5385 771 5430 cum
793 5385 894 5451 prom·
948 5370 1077 5447 Insuper
1095 5368 1182 5430 testis
1196 5365 1227 5427 in
1238 5366 1355 5446 judicio
1371 5365 1523 5430 contraria
1538 5365 1709 5446 deponens,

136 5465 234 5544 ptioro
244 5465 306 5528 sint
315 5463 387 5545 jara
402 5463 443 5526 ad
457 5462 649 5539 solvendum,
661 5479 756 5547 quam
770 5463 811 5526 ad
824 5480 894 5525 con·
949 5469 995 5527 est
1008 5463 1220 5544 competenter
1236 5459 1412 5545 puniendus
1427 5459 1465 5523 da
1479 5459 1566 5525 falso.
1584 5459 1628 5526 lto
1642 5463 1714 5526 tete·

1044 944 1094 1004 Stat
1102 947 1270 1008 testomentrm,
1281 945 1386 1009 uncus
1396 947 1538 1012 mnjnqimr,
1549 947 1599 998 dos.

1044 1021 1068 1072 Si
1078 1021 1124 1072 siat
1134 1021 1244 1086 equales,
1256 1023 1295 1088 qui
1308 1023 1465 1088 producuntur
1474 1025 1589 1090 uinoque.
