4064 6062
302 267 358 326 139
615 264 685 327 Llll.
708 264 744 326 ll.
767 261 977 324 DECRETAL.
998 263 1071 325 ΠΤ.
1093 253 1195 325 XXIV.
1218 261 1269 324 nn
1288 258 1570 324 mansuetum.

298 397 383 478 gitur
394 395 454 458 frui
468 395 593 458 inritus.
608 395 697 460 Unde
712 395 836 474 qnando
852 394 990 475 obligent
1003 393 1062 456 sub
1116 397 1205 457 tract.
1220 395 1270 456 tn.
1286 409 1356 473 cap.
1372 410 1412 457 ιι.
1429 411 1462 455 ιι.
1477 395 1515 466 9;
1538 391 1677 456 macheu
1696 391 1729 454 d.
1753 410 1825 472 cap.
1840 407 1884 454 ιι.

299 489 400 568 culpa,
418 495 483 550 tum
498 504 536 550 err
549 487 653 551 verbis
667 487 755 569 legis,
777 493 844 549 tum
866 505 905 550 ιι
923 487 1063 567 subjecta
1116 507 1148 548 n.
1165 489 1215 549 38.
1230 486 1371 567 allegans
1383 487 1472 548 alios.

298 581 439 658 materia,
456 581 586 662 ubisque
600 581 856 657 circumstantiis,
881 600 917 644 ac
934 598 1064 663 praeser-
1155 583 1204 643 99.
1228 579 1392 642 Dummodo
1406 579 1507 642 tendat
1518 577 1885 660 derceteucprr'ocipcliter

299 674 354 734 tim
381 689 419 736 ιι
445 681 570 754 recepta
597 681 628 737 et
656 675 785 755 antiqua
817 674 1061 748 consuetudine,
1117 673 1149 734 in
1162 671 1364 734 detrimentum
1377 671 1459 734 tertii
1466 692 1478 734 .·
1491 671 1566 734 altos
1578 689 1668 734 secra.
1684 669 1779 750 quue
1792 687 1891 734 eoen-

299 774 406 846 utpcte
420 785 490 848 qnae
504 774 551 832 est
561 767 678 848 optima
690 768 798 849 legum
811 767 976 848 interpres,
993 785 1064 846 prn-
1117 765 1279 848 plificctur.
1296 797 1336 812 -
1350 765 1482 828 Additur
1505 773 1620 839 nmen,
1646 785 1663 824 ι
1675 763 1785 828 saltem
1800 766 1886 844 prin-

300 858 384 920 denti
406 858 519 939 judicio
542 859 601 922 erit
624 858 909 932 determinandum
939 858 979 919 de
1001 875 1064 937 qno
1118 857 1269 940 cipaliter.
1286 879 1301 916 u
1320 858 1397 930 Onia
1411 857 1520 939 regule
1539 857 1607 920 bec
1629 856 1723 920 debet
1743 855 1889 935 intelligi,

300 953 389 1030 plura
413 952 555 1032 superius
577 953 631 1015 lib.
652 953 675 1016 l.
700 953 746 1015 tit.
763 954 798 1015 ll.
815 952 859 1016 De
874 951 1064 1016 Constitutio-
1119 951 1244 1032 quando
1255 951 1468 1031 jurameutum
1482 950 1580 1014 tendit
1594 949 1710 1014 nescu
1723 968 1762 1012 ac
1776 949 1891 1030 princi-

300 1045 394 1108 nilua.
410 1046 471 1126 57,
487 1064 519 1108 n.
538 1049 606 1124 too,
622 1063 659 1106 ac
673 1063 760 1125 seqq.
777 1051 808 1108 et
821 1047 839 1124 ς
852 1049 883 1118 o,
897 1063 931 1106 n.
948 1047 1016 1107 too.
1034 1048 1066 1106 et
1119 1046 1231 1126 paliter
1253 1045 1285 1106 in
1307 1045 1529 1108 detrimentum
1550 1041 1630 1106 tertii
1647 1060 1655 1104 ι
1684 1049 1719 1105 ut
1741 1043 1768 1104 si
1788 1045 1893 1106 mater

300 1157 387 1222 seqq.
418 1141 560 1212 Quinimo
580 1140 720 1219 plurimas
752 1140 839 1219 leges
864 1139 969 1201 civiles
1007 1138 1065 1199 sub
1119 1139 1178 1200 sub
1188 1139 1367 1219 juramento
1380 1137 1453 1199 relit
1464 1137 1613 1210 alienare,
1624 1135 1672 1198 val
1680 1136 1802 1216 pignori
1811 1135 1892 1198 obli-

301 1231 391 1292 certis
414 1232 514 1311 poenis
536 1231 648 1294 taxatis
669 1230 866 1311 precipiunt,
891 1235 946 1292 aut
959 1230 1065 1310 probi·
1120 1251 1195 1312 gare
1209 1232 1303 1307 bona,
1319 1249 1389 1310 quae
1404 1247 1442 1293 ex
1455 1229 1586 1309 alicujus
1599 1227 1804 1307 dispositione
1818 1247 1894 1308 per-

300 1323 376 1385 bent
389 1341 438 1400 ea,
454 1340 523 1402 que
541 1324 608 1404 jam
623 1325 693 1403 jure
717 1323 862 1398 naturali,
883 1330 938 1386 aut
961 1323 1065 1384 divino
1120 1325 1220 1388 tinent
1233 1323 1274 1385 ad
1287 1322 1395 1399 liliam,
1410 1321 1588 1400 debentque
1602 1320 1784 1382 huioillaesa
1799 1319 1895 1381 reliu-

301 1421 466 1496 praeoepta,
481 1416 531 1478 vel
545 1415 701 1495 prohibita
714 1415 840 1478 luerunt
863 1433 870 1476 :
890 1421 936 1492 ut,
961 1433 1066 1477 veram
1120 1419 1184 1497 qui.
1207 1417 1324 1491 Sacas,
1353 1415 1614 1494 sijuramentum
1639 1413 1716 1476 illud
1738 1413 1894 1477 indirecte

300 1507 395 1570 fidem
410 1506 593 1572 catholicam
606 1509 754 1589 profiteri,
768 1507 988 1582 Deumcclere,
997 1525 1067 1587 pro·
1120 1512 1282 1586 duntaxat,
1298 1529 1336 1572 ac
1350 1509 1534 1572 secundario
1543 1507 1641 1586 possit
1654 1525 1768 1570 nocere
1784 1507 1891 1583 tertio,

301 1603 419 1664 nimum
440 1619 503 1663 non
522 1599 655 1679 laedere,
681 1599 817 1662 alienum
844 1600 1024 1677 restituere,
1049 1619 1068 1662 a
1120 1611 1214 1684 atque
1236 1605 1270 1666 iu
1291 1605 1359 1683 ejus
1381 1602 1557 1664 redundare
1581 1601 1803 1664 detrimentum
1821 1620 1828 1662 :
1846 1600 1896 1661 sic

303 1695 396 1770 iurto,
411 1695 590 1768 latrociniis,
613 1695 788 1767 adulteriis,
812 1694 943 1772 aliisque
966 1693 1068 1756 crimi-
1121 1697 1205 1759 enim
1227 1697 1309 1760 valet
1328 1699 1453 1775 paetum
1476 1695 1656 1774 juramento
1683 1695 1839 1758 firmarum
1873 1714 1895 1754 a

303 1789 361 1849 bna
375 1786 542 1862 abstinere,
554 1793 583 1850 et
598 1787 1066 1868 hujusmodilltlaliumlegnm
1120 1787 1196 1864 lilia,
1216 1788 1293 1849 dnm
1314 1787 1426 1866 nuptui
1445 1785 1635 1860 tradebatur,
1663 1791 1699 1846 ut
1720 1786 1792 1848 dote
1813 1803 1893 1846 con-

304 1876 502 1941 violationem
524 1879 673 1941 inducere
696 1879 830 1958 culpam,
847 1883 933 1942 extra
948 1884 1068 1940 contro·
1120 1885 1217 1955 ιιιιιι,
1233 1879 1355 1940 nullum
1369 1877 1531 1940 habeatad
1541 1877 1896 1958 bonapaternaregres-

303 1974 438 2035 versiam
452 1979 498 2034 est
514 1989 521 2032 :
539 1972 622 2034 unde
635 1989 694 2033 nec
708 1971 790 2034 valet
799 1973 1012 2052 juramentum
1028 1972 1067 2035 de
1121 1991 1212 2048 snm3
1228 1972 1314 2036 haud
1328 1972 1483 2045 obstante,
1499 1970 1585 2049 quod
1599 1969 1678 2032 illud
1691 1970 1892 2044 secundario,

302 2063 478 2145 prestando
490 2066 595 2124 actum
609 2063 641 2123 in
656 2064 858 2125 contrarium.
1122 2071 1153 2131 et
1165 2067 1198 2128 in
1212 2065 1466 2144 consequentiam
1487 2063 1669 2142 praejudicet
1689 2063 1828 2143 prolibus
1853 2080 1896 2124 ιι

282 2155 292 2174 ’
342 2161 391 2222 90.
414 2156 454 2220 st
465 2155 611 2218 bedullo
620 2155 1068 2238 principalitorlnndeturaupcr
1121 2159 1196 2222 filia·
1209 2160 1261 2222 illa
1287 2157 1463 2228 nascituris,
1486 2156 1518 2219 d.
1543 2174 1572 2220 c.
1597 2155 1735 2231 θιαιιιιὶι
1760 2163 1893 2236 partum.

303 2248 374 2311 bono
386 2248 511 2332 publico,
531 2255 599 2310 tunc
619 2249 823 2329 juramentum
848 2247 884 2309 de
902 2245 1068 2330 metando
1120 2254 1227 2334 juncta
1240 2251 1347 2314 illoesa
1366 2251 1420 2313 fin.
1437 2257 1469 2314 et
1487 2250 1620 2331 margin.
1636 2248 1713 2312 ibid.
1728 2247 1894 2312 dePucta'a.

302 2351 370 2404 notu
382 2361 436 2423 per
449 2361 513 2404 eom
523 2339 673 2422 prohibito
694 2359 751 2401 noo
771 2339 890 2422 oblinat·
915 2371 955 2388 ·-
972 2339 1064 2420 Resp·
1121 2347 1154 2408 in
1168 2351 1204 2419 63
1221 2344 1360 2408 Sancbez
1374 2345 1425 2407 cit.
1442 2360 1511 2421 cap.
1527 2359 1570 2416 ιι,
1587 2360 1619 2406 ιι.
1634 2345 1684 2406 39.
1702 2343 1809 2406 etalii.

302 2439 340 2499 ll.
355 2437 386 2498 Si
399 2435 449 2496 lex
463 2435 559 2498 civilis
572 2433 784 2515 principaliter
805 2430 954 2494 tundetur
974 2449 1068 2510 super
1161 2441 1211 2500 93.
1235 2433 1358 2512 θιαιιᾶι
1367 2433 1416 2496 lec
1428 2433 1522 2496 civiles
1529 2433 1737 2516 prianpcliter
1749 2430 1899 2514 pandatur

303 2527 386 2587 bono
400 2525 537 2606 publico,
553 2529 626 2586 tunc
637 2525 852 2604 juramentum
865 2523 905 2584 de
920 2529 1069 2601 praestan·
1122 2549 1210 2613 super
1230 2528 1332 2611 fuum
1347 2527 1472 2608 priuati,
1490 2525 1768 2606 toncjuromemum
1782 2527 1812 2588 ta
1825 2547 1900 2590 cou-

303 2620 343 2682 do
358 2624 429 2682 actu
443 2637 498 2700 per
512 2617 597 2680 illam
611 2617 777 2697 prohibitio
791 2633 855 2677 non
874 2615 1001 2696 obligat.
1023 2621 1070 2680 lta
1124 2623 1250 2686 camum
1270 2621 1434 2702 praeratum
1457 2617 1545 2696 colet,
1565 2626 1594 2680 et
1606 2617 1718 2699 oblique
1725 2618 1898 2699 jurantem.

304 2712 409 2776 Abbas
422 2731 451 2776 c.
468 2711 543 2776 Cum
556 2711 782 2792 aucupatus.
799 2729 830 2772 n.
852 2711 882 2771 ὅ.
903 2717 934 2772 et
954 2710 1070 2772 Baldns
1123 2747 1163 2764 -
1175 2718 1270 2793 Resp.
1292 2715 1341 2776 llI.
1363 2713 1494 2785 Quando
1508 2713 1559 2774 lex
1573 2711 1671 2775 civilis
1684 2711 1900 2792 principaliter

304 2806 379 2869 ibid.
394 2825 426 2866 ιι.
442 2809 472 2868 5.
489 2805 522 2866 b.
537 2812 574 2879 t.;
596 2803 686 2865 Card.
711 2803 853 2864 Tuechrn
872 2803 894 2864 l.
919 2807 942 2866 l.
967 2805 1067 2869 concl.
1123 2808 1272 2871 fundatur
1293 2824 1389 2886 super
1406 2805 1512 2870 favore
1534 2805 1658 2884 privati,
1683 2805 1756 2867 licet
1780 2823 1901 2868 secun-

304 2902 373 2962 too.
399 2915 429 2958 n.
455 2899 503 2959 99.
526 2901 597 2976 post
620 2895 837 2969 caloninum,
862 2896 971 2958 consil.
995 2899 1067 2972 185,
1124 2900 1318 2962 deriuatio
1340 2897 1595 2978 consequentiam
1620 2897 1767 2978 respiciat
1798 2898 1898 2960 etiam
2021 2939 2022 2946 .

304 2991 380 3054 alias
393 2995 422 3054 9.
442 2989 477 3052 de
493 2985 705 3070 tardaretur
728 2988 868 3051 Sanchez
888 2987 942 3051 lib.
966 2990 1014 3052 lll.
1037 2990 1070 3052 in
1124 2994 1281 3075 publicam
1308 2991 1493 3063 utilitatem,
1521 2998 1595 3054 tunc
1620 2991 1835 3071 juramentum
1865 2993 1899 3054 in

304 3085 440 3166 Decolop.
464 3102 532 3162 cap.
562 3097 603 3144 ιι.
626 3100 658 3142 ιι.
685 3085 735 3151 ot.
757 3082 857 3144 citans
876 3081 1070 3146 simultatio
1124 3085 1315 3150 contrarium
1337 3086 1510 3164 prestitum
1531 3083 1629 3162 valet,
1655 3088 1750 3164 atque
1775 3085 1903 3166 obligat

305 3183 363 3254 est,
384 3179 456 3258 quia
479 3177 587 3258 pectis,
611 3183 643 3237 et
657 3176 842 3254 juramentis
865 3177 1069 3255 privatorum,
1121 3181 1291 3259 jurantem.
1307 3180 1352 3240 lta
1367 3173 1544 3240 Glossaan
1567 3195 1595 3239 c.
1613 3177 1752 3253 Ouanota
1762 3187 1898 3260 pacm

301 3271 363 3352 juri
378 3270 501 3352 publico
516 3267 686 3329 renuntiari
700 3283 764 3327 uon
780 3269 891 3344 potest,
907 3285 935 3329 c.
951 3266 990 3329 δι’
1001 3266 1070 3330 dto-
1125 3279 1158 3335 et
1169 3275 1306 3336 Francus
1321 3271 1395 3334 ibid.
1413 3290 1445 3334 ιι.
1461 3274 1510 3333 19.
1527 3269 1564 3334 de
1578 3271 1680 3333 Poetis
1694 3273 1726 3332 in
1739 3275 1772 3344 ὃς
1790 3271 1902 3334 Abbas
2020 3321 2021 3354 ,

304 3364 384 3447 penti
397 3367 444 3428 19.
461 3361 497 3425 de
510 3361 589 3423 Foro
597 3367 718 3441 compet.
735 3361 767 3421 et
779 3376 807 3422 c.
825 3357 1071 3441 Continpo'tintm
1124 3365 1177 3428 cit.
1192 3384 1220 3426 c.
1238 3363 1313 3428 Com
1330 3363 1491 3444 conducto.
1508 3381 1539 3424 ιι.
1555 3367 1588 3437 3,
1605 3369 1640 3424 et
1660 3363 1800 3424 Barbosa
1818 3364 1900 3426 ibid.

304 3457 384 3519 dum.
413 3459 462 3518 36.
491 3453 528 3516 de
555 3453 687 3516 Sentent.
712 3469 892 3514 commun.
923 3458 954 3514 et
975 3453 997 3516 l.
1016 3453 1077 3516 dno
1126 3477 1157 3519 n.
1173 3461 1203 3520 t.
1219 3455 1326 3530 etalii,
1342 3457 1375 3519 h.
1390 3456 1632 3530 cesenaten.
1652 3474 1720 3537 cap.
1737 3474 1779 3520 ιι.
1796 3476 1828 3520 n.
1846 3461 1900 3533 35,

303 3549 460 3634 publicum.
484 3549 518 3610 li.
543 3547 580 3610 de
604 3545 713 3608 Portis.
741 3543 901 3623 Siquidem
919 3563 1012 3606 nemo
1027 3563 1074 3606 re-
1125 3553 1266 3632 allegans
1279 3549 1529 3629 plurimosalios.
1545 3550 1636 3612 Ratio
1651 3557 1715 3624 est3
1742 3551 1819 3629 qnia
1837 3553 1902 3612 bu-

304 3643 440 3707 nuntiari
455 3646 557 3722 potest
571 3639 612 3714 ei,
621 3638 707 3718 quod
719 3655 776 3717 pro
790 3653 824 3699 ae
838 3644 963 3700 non-est
976 3639 1074 3701 intro-
1124 3643 1260 3725 jusmodi
1281 3645 1332 3706 lex
1349 3643 1447 3706 civilis
1460 3649 1564 3724 potest
1578 3643 1707 3722 quidem
1722 3643 1764 3706 ob
1779 3645 1902 3707 utilita-
2019 3637 2020 3656 ³

307 3742 453 3813 ductum,
464 3745 557 3821 prout
571 3736 667 3798 dictat
681 3734 783 3815 ipsum
796 3733 903 3796 lumen
917 3737 1070 3798 naturale.
1126 3745 1191 3801 tem
1203 3738 1395 3820 privatorum
1414 3737 1473 3800 sibi
1495 3738 1720 3818 subjectorum,
1745 3737 1904 3818 impedire

307 3835 452 3907 Quinimo
463 3835 687 3913 juramentum,
699 3829 783 3907 qnod
797 3829 1006 3908 principaliter
1018 3829 1073 3890 mi·
1128 3831 1349 3913 obligationem
1364 3831 1566 3910 quaemndam
1589 3831 1720 3905 bomini,
1744 3850 1773 3893 v.
1790 3851 1821 3912 g.
1839 3840 1905 3895 sta-

306 3927 373 3989 litat
395 3931 501 3988 contra
524 3923 642 3984 bonum
665 3937 842 3994 commune,
868 3920 894 3980 si
918 3923 1070 3997 serretur,
1127 3925 1253 4000 tuendo,
1271 3928 1381 3986 utnon
1395 3925 1497 3987 valeat
1510 3931 1637 4006 pactum
1651 3923 1835 4003 lilia,qnod
1845 3927 1903 3989 do·

307 4019 404 4101 vergit
431 4019 464 4080 in
491 4015 691 4095 dispendium
718 4012 827 4074 salutis
855 4016 990 4088 eternae,
1013 4012 1073 4072 boo
1127 4024 1158 4080 te
1181 4022 1327 4080 eontanas
1347 4018 1469 4080 nullum
1490 4018 1565 4080 velit
1587 4017 1706 4079 hahere
1720 4034 1905 4096 regressum
2018 3989 2019 4053 l

307 4115 373 4193 ipsc
395 4111 478 4193 quod
500 4111 539 4172 eit
556 4115 663 4170 contra
674 4107 726 4187 jus
740 4105 878 4180 alterins,
902 4107 967 4168 sive
988 4122 1072 4168 oom-
1128 4111 1169 4173 ad
1183 4112 1266 4173 bona
1289 4115 1445 4190 paterna:
1471 4111 1544 4190 quia
1571 4117 1678 4172 tamnu
1695 4109 1748 4172 lex
1765 4115 1814 4173 est
1827 4113 1905 4173 sub-

306 4204 482 4275 munitatis;
507 4199 623 4264 etenim
639 4216 647 4259 :
1125 4205 1210 4284 jecta
1222 4206 1298 4280 lleo,
1314 4221 1385 4266 can.
1399 4201 1594 4266 simmista.
1611 4207 1643 4266 et
1656 4221 1728 4265 can.
1745 4203 1805 4280 Oui
1815 4207 1907 4268 ιιιιζι-

346 4300 395 4360 91.
411 4295 588 4376 iteponere,
604 4292 896 4375 qucdjoromentum
909 4307 1028 4370 carpam
1043 4289 1074 4350 in
1129 4298 1176 4360 tit.
1194 4301 1241 4360 lt.
1255 4300 1366 4378 quest.
1382 4299 1412 4360 3.
1438 4294 1512 4358 binc
1531 4314 1597 4359 non
1623 4303 1726 4376 potest
1746 4298 1906 4377 impedire

307 4389 514 4471 prejudicium
542 4387 633 4464 tertii,
662 4405 720 4446 noa
746 4384 864 4465 obliquet.
893 4415 934 4432 -
955 4382 1075 4464 Regula
1129 4388 1350 4469 obligationem
1373 4387 1576 4466 querendam
1594 4389 1660 4450 llec
1674 4386 1703 4447 vi
1714 4389 1903 4467 juramenti.
2017 4373 2018 4400 ¹

308 4481 462 4564 generalis
483 4485 541 4556 cst,
566 4480 650 4560 quod
672 4481 882 4558 juramentum
896 4494 1029 4557 vergens
1042 4477 1075 4537 in
1129 4479 1254 4561 quando
1276 4479 1358 4542 istud
1378 4480 1569 4558 ceteroquin
1583 4497 1648 4542 non
1661 4480 1791 4544 involvit
1805 4485 1909 4562 turpi-

308 4574 521 4658 proejudicinm
537 4575 629 4650 tertii,
647 4591 710 4634 non
735 4573 862 4651 obliget,
886 4590 914 4633 c.
939 4571 1076 4648 Οιιαιιυίι
1130 4575 1286 4648 tudinem
1312 4591 1371 4634 nec
1403 4574 1584 4654 prejudicat
1608 4575 1700 4638 tertio
1724 4575 1789 4638 aive
1816 4576 1908 4638 bono
2016 4615 2017 4624 .

307 4678 436 4752 portum
452 4671 482 4730 9.
498 4666 693 4729 dePoctr'oiu
713 4670 743 4729 6.
766 4665 819 4727 ibi.
847 4687 861 4722 u
882 4665 945 4726 Nec
958 4665 1074 4728 redun—
1130 4666 1264 4748 publico,
1294 4666 1349 4728 sed
1378 4665 1529 4728 duntaxat
1555 4666 1654 4728 favori
1681 4666 1821 4745 privato,
1853 4671 1908 4732 cni
2016 4661 2017 4690 ¹

309 4763 420 4826 datin
447 4759 574 4822 alterius
602 4758 833 4820 detrimentum.
861 4779 874 4816 ι
902 4755 1077 4818 concordat
1129 4759 1259 4840 quilibet
1277 4756 1455 4821 renuntiare
1479 4763 1589 4837 potest.
1615 4758 1706 4822 Unde
1730 4762 1909 4840 cumiura-
2015 4821 2016 4828 ,

309 4857 411 4917 textus
438 4851 470 4912 in
493 4869 520 4912 c.
544 4848 619 4912 Cum
638 4848 799 4929 continpot.
823 4851 873 4910 93.
895 4847 986 4926 §lin
1002 4847 1034 4909 b.
1050 4850 1073 4910 t.
1130 4857 1269 4914 ruentum
1292 4851 1505 4931 principaliter
1531 4852 1685 4932 dirigatur
1712 4853 1745 4913 in
1778 4853 1908 4929 Deum,
2015 4881 2016 4888 ι

310 4948 362 5009 ubi
375 4943 490 5006 familia
503 4942 670 5004 habentur.
686 4940 815 5002 Etratio
831 4945 888 5016 est,
904 4941 978 5020 qnia
988 4941 1076 5019 jura·
1130 4945 1284 5008 subintrat
1306 4946 1377 5025 jure
1405 4945 1539 5008 naturali
1563 4950 1694 5020 notum,
1726 4946 1839 5010 ttarrn
1872 4969 1910 5023 ι,

309 5048 468 5117 ruentum,
506 5035 589 5116 quod
616 5031 771 5094 redundat
795 5033 828 5093 in
856 5033 1075 5096 detrimentum
1128 5041 1179 5100 33.
1204 5037 1273 5100 Noa
1297 5037 1443 5117 pejmro
1461 5057 1473 5101 .·
1497 5036 1601 5102 reddes
1640 5048 1738 5102 cutem
1779 5040 1912 5105 Βοηιίιο

309 5134 402 5206 tertii,
427 5131 539 5194 saltem
560 5125 771 5206 principaliter
797 5124 928 5188 includit
954 5125 1074 5208 injusti·
1122 5129 1298 5211 juramento
1311 5139 1374 5191 tuo.
1389 5130 1471 5205 Sive,
1487 5133 1708 5212 ntloqunntur
1716 5134 1798 5196 sacri
1808 5153 1912 5198 cano·
2014 5195 2015 5220 ,

310 5228 401 5299 tiam;
416 5227 550 5302 ideoque
565 5239 629 5282 non
644 5221 771 5300 obligat,
792 5238 833 5281 nc
857 5220 897 5282 sit
919 5221 1076 5282 vinculum
1130 5241 1203 5284 nea:
1223 5244 1238 5280 o
1256 5223 1581 5303 Omnaq‘uramentum
1603 5243 1663 5288 nec
1684 5227 1729 5302 vi,
1752 5243 1815 5288 nec
1833 5229 1912 5290 dolo

311 5317 490 5395 iniquitatis.
506 5315 615 5377 Glossa
628 5311 683 5374 fin.
699 5329 727 5373 c.
745 5310 882 5386 ommno
894 5321 1024 5392 portum
1039 5312 1076 5376 do
1129 5317 1302 5396 praestitum
1329 5318 1445 5378 servari
1472 5317 1577 5393 debet,
1607 5318 1634 5380 si
1661 5337 1725 5380 non
1749 5321 1856 5402 uergit
1877 5323 1910 5384 in

311 5409 416 5492 poctr'e.
432 5409 463 5470 iu
476 5413 507 5473 6.
522 5409 660 5490 bayman
674 5405 729 5468 lib.
745 5405 795 5468 lV.
814 5403 946 5485 Tleoloq.
967 5405 1072 5470 moral.
1131 5412 1257 5474 eterne
1271 5408 1380 5473 salutis
1394 5409 1606 5492 dispendium,
1621 5429 1680 5474 nec
1693 5412 1855 5476 redundat
1876 5414 1912 5476 in
