4016 6056
329 271 389 332 602
517 269 587 332 LlB.
609 271 657 332 Ill.
682 269 890 333 tunetunc.
912 273 982 334 utu.
1005 271 1043 334 V.
1066 271 1116 332 DE
1135 263 1361 335 remanum
1381 273 1430 334 ET
1448 271 1721 339 DlGNlTA'l'IBUS.

329 399 438 460 Glossa
451 399 550 462 iacit.
566 400 663 463 Clam.
679 419 733 462 nn.
752 403 782 479 l.
798 401 877 466 Noto
890 401 955 467 erit.
970 401 1007 466 de
1021 401 1096 467 Cort-
1149 403 1243 466 batur
1264 403 1356 466 simm
1377 403 1474 466 altera
1496 422 1569 485 pars
1590 405 1670 467 date
1690 406 1885 474 conclusionis.

248 499 251 510 “
329 509 397 554 cess.
412 491 506 573 prat.
1188 489 1259 560 5932
1280 499 1330 560 Aa
1339 498 1467 578 praetre
1485 507 1555 579 post
1572 501 1840 580 acceptatorem
1852 501 1890 563 te

369 588 438 649 591.
463 585 534 648 Post
553 586 685 669 elapsum
704 607 838 669 numm,
862 600 892 653 et
912 591 998 654 oolla
1015 591 1097 672 (oete
1149 589 1297 671 aeficium,
1314 590 1404 671 possit
1425 587 1563 653 amare?
1582 591 1626 652 Et
1646 591 1725 654 rotro
1747 591 1888 655 datam.

231 707 235 718 .
330 677 699 762 secrctamsecretam
711 700 846 762 prema,
869 683 994 746 collator
1014 681 1095 746 ordi-
1148 683 1355 756 -Oureritur
1368 685 1476 747 vtnn
1489 683 1622 763 precista
1635 691 1707 764 post
1718 689 1891 764 acceptatum

328 774 431 834 mulos
441 781 537 855 potest
549 775 716 857 beneficium
731 779 874 857 coclers.
886 783 925 826 -··
937 779 1029 858 Resp.
1045 779 1093 840 111.
1149 779 1249 842 semel
1270 779 1455 840 beneficium
1475 778 1573 858 possit
1592 777 1724 856 vadare,
1748 783 1779 842 at
1798 779 1835 840 ab
1850 779 1892 842 illa

330 863 403 928 Post
425 867 566 948 elapsum
589 886 741 942 mensem,
766 888 802 932 ee
824 869 908 932 nulla
928 869 1009 934 lacta
1023 870 1096 933 insi·
1149 873 1361 951 acceptatione
1375 873 1483 946 tacite,
1503 872 1662 935 ueletiam
1676 889 1818 951 expresse
1831 875 1894 934 resi·

329 959 479 1024 nuatione
515 961 686 1024 Primos-cm
722 964 848 1026 Precnm
883 964 1097 1046 imperatorio·
1149 963 1264 1040 tiendo,
1280 970 1385 1046 petere
1399 963 1570 1028 seeundum
1584 964 1773 1028 beneficiam
1783 984 1891 1042 mouns,

330 1072 418 1133 rum,
442 1053 572 1118 collator
584 1055 759 1118 ordinarius
772 1063 873 1137 potest
887 1058 1028 1120 conferre
1042 1057 1096 1120 be·
1149 1057 1286 1137 nullique
1300 1058 1404 1120 adhue
1417 1055 1579 1120 debitumt
1593 1057 1680 1120 llstio
1694 1057 1861 1130 dubitandi,
1870 1067 1895 1120 et

331 1145 477 1209 aeficium
499 1166 638 1212 vacans:
662 1151 688 1210 si
711 1155 817 1212 tamen
838 1166 901 1212 non
919 1151 1093 1228 numularii,
1147 1151 1367 1214 affirmativam
1386 1149 1532 1226 tenendi,
1557 1155 1628 1212 est:
1653 1149 1727 1231 qnia
1747 1151 1894 1212 inindulto

331 1247 405 1302 tnnc
418 1259 452 1304 re
467 1243 569 1306 adhue
582 1245 714 1324 integro,
729 1246 842 1326 poterit
855 1245 987 1325 precista
1002 1245 1095 1307 etiem
1148 1244 1317 1323 apostolico
1331 1243 1502 1306 Primcmm
1512 1242 1650 1322 Preeom,
1662 1251 1740 1308 sect.
1751 1243 1897 1306 svidero

239 1369 240 1374 κ
330 1343 402 1416 post
423 1353 581 1416 mensem,
606 1340 793 1402 insinuando
813 1340 916 1402 Preces
938 1337 1096 1422 pubertas
1148 1337 1290 1400 relictum
1300 1339 1437 1419 opinioni
1449 1339 1588 1420 ipsorum
1600 1340 1816 1418 precistarum,
1825 1339 1896 1418 quod

330 1429 537 1510 imperatoris,
560 1433 1097 1513 occeptarebenolicium.1tacho·
1148 1430 1334 1493 beneficium
1358 1447 1473 1493 vacans
1494 1448 1535 1493 ex
1560 1431 1700 1511 pluribus
1721 1431 1780 1494 sibi
1799 1433 1898 1494 oblat-is

331 1523 399 1586 kicr
420 1525 479 1587 loe.
492 1525 555 1588 'cit
580 1528 612 1604 γ.
628 1525 701 1590 Post
719 1545 862 1603 mensem
884 1527 1093 1606 Wagnereck,
1148 1523 1244 1586 velint
1270 1530 1461 1604 acceptare:
1491 1525 1536 1586 uti
1561 1525 1735 1588 desumitur
1758 1543 1797 1586 ex
1810 1525 1897 1586 ambis

330 1617 383 1680 ubi
397 1635 503 1699 sopra.
519 1621 537 1700 ᾖ
550 1624 580 1694 3.
595 1637 676 1684 vers.
694 1621 821 1697 Quaeres.
836 1621 873 1683 II
879 1639 894 1698 ;
907 1619 1045 1700 Pirhing,
1062 1620 1093 1680 h.
1149 1619 1207 1680 illis
1220 1639 1253 1681 n.
1263 1623 1333 1684 589.
1344 1620 1469 1683 relatis:
1491 1619 1668 1682 «Duxerint
1680 1619 1899 1699 acceptandus

328 1719 352 1774 t.
368 1731 401 1772 n.
425 1715 494 1776 378.
525 1712 614 1776 Prior
636 1731 708 1794 pars
728 1716 879 1796 probatur
892 1733 931 1776 ex
944 1732 983 1776 eo
999 1735 1006 1778 :
1023 1715 1096 1793 quie
1149 1714 1264 1776 Verum
1279 1715 1327 1776 his
1341 1713 1626 1778 nonobstantibus.

327 1803 457 1867 collator
468 1805 643 1868 ordinarius
656 1807 742 1868 nullo
751 1808 820 1886 jure
834 1808 1011 1888 impeditur,
1020 1825 1096 1887 quo
1187 1810 1257 1871 est.
1272 1808 1415 1891 Nepotioe
1426 1807 1625 1890 respondetur.
1641 1841 1683 1856 -
1696 1807 1791 1888 llcsp.
1802 1810 1824 1870 1.
1834 1808 1899 1870 Pre-

328 1899 433 1961 minns
447 1899 585 1964 conferat
599 1907 669 1980 post
682 1919 835 1980 mensem,
847 1909 1010 1982 postquam
1025 1921 1096 1983 pre·
1148 1901 1227 1965 msto
1236 1908 1479 1982 postacoeptum
1493 1902 1590 1964 semel
1603 1902 1794 1966 beneficium
1805 1903 1901 1981 nequit

327 1993 405 2055 cista
419 1994 555 2076 neglexit
568 1994 680 2072 eidem,
690 1997 894 2073 etdebuerat,
906 1989 1024 2060 Prtmcs
1031 2015 1096 2078 pre·
1148 1997 1281 2070 variare,
1290 2001 1465 2082 necpostea
1479 2004 1585 2077 petere
1599 1996 1774 2060 secundum
1787 2013 1899 2070 reeens,

327 2087 554 2151 ceriosinuare.
1148 2091 1174 2151 si
1188 2090 1349 2171 negligens
1364 2091 1458 2153 tuerit
1471 2089 1902 2170 inacceptsndoprimobcne-

367 2185 436 2246 592.
459 2179 499 2243 Si
510 2189 606 2245 masec
619 2201 676 2244 non
690 2183 852 2261 motclerit,
868 2190 961 2266 potest
969 2185 1096 2266 merbec
1146 2183 1228 2246 ticio.
1245 2184 1291 2244 Ita
1304 2183 1448 2256 Chokier,
1464 2183 1518 2244 ubi
1541 2201 1645 2262 supra.
1670 2189 1749 2246 sect.
1774 2186 1803 2244 l.
1828 2181 1901 2242 lutra

327 2276 415 2338 etiem
428 2283 494 2360 post
506 2295 629 2339 meoem
641 2295 737 2358 meres
751 2277 909 2340 insinuare.
931 2313 969 2324 -
990 2275 1096 2339 Altera
1147 2293 1282 2338 messan.
1297 2291 1377 2337 vers.
1393 2274 1552 2336 datium
1573 2275 1706 2338 eumue.
1723 2279 1757 2337 et
1774 2273 1902 2353 Pirhing.

328 2373 625 2453 pars,speotatojure
635 2370 1095 2446 communi,noncaretdifficul-
1148 2369 1179 2432 b.
1195 2376 1231 2444 t.,
1246 2387 1280 2430 n.
1295 2373 1363 2432 379.
1380 2369 1469 2430 Ratio
1479 2373 1537 2443 est,
1550 2373 1617 2432 tum
1627 2369 1702 2448 quia
1712 2371 1786 2448 jura
1800 2368 1902 2448 impro

327 2469 403 2528 tate.
419 2465 578 2546 Siquidem
592 2465 671 2528 flues
683 2467 843 2540 mandati,
863 2467 926 2526 imo
940 2472 971 2527 et
984 2463 1095 2527 indulti
1147 2462 1224 2524 bant
1236 2461 1429 2522 serationem
1445 2480 1452 2522 :
1469 2465 1506 2524 ut
1516 2463 1537 2522 l.
1555 2461 1644 2525 Serui
1653 2461 1801 2524 electore.
1825 2461 1857 2522 ff.
1875 2459 1905 2520 de

327 2559 498 2640 apostolici,
511 2558 673 2640 diligenter
682 2565 754 2622 sunt
763 2559 963 2632 observandi,
974 2577 1002 2622 e.
1019 2557 1095 2624 Cum
1148 2555 1251 2636 lepor.
1266 2555 1294 2618 I.
1310 2554 1372 2616 ibi:
1391 2555 1506 2617 «Servi
1520 2555 1669 2618 electione
1683 2555 1804 2635 legata,
1813 2551 1905 2638 ,semel

326 2651 441 2715 dilecto.
466 2656 515 2716 22.
539 2653 576 2716 de
598 2653 742 2736 Recipe.
772 2659 804 2716 et
823 2653 845 2716 l.
867 2653 1043 2734 Dilipeoter.
1059 2653 1092 2717 ff.
1147 2647 1299 2714 duntaxat
1319 2655 1427 2728 optare
1454 2665 1647 2727 possumus:
1672 2671 1686 2708 u
1709 2649 1822 2728 juncto
1844 2665 1903 2726 cup.

327 2743 467 2808 Mondotr'
481 2764 494 2808 .·
517 2763 612 2826 ergo,
633 2763 705 2806 enm
728 2745 760 2806 in
780 2743 900 2806 indulto
924 2745 1094 2824 apostolico
1148 2759 1201 2802 nn.
1218 2741 1252 2804 de
1265 2740 1409 2805 Postulat.
1418 2741 1537 2822 metat.
1554 2741 1586 2803 in
1598 2745 1630 2804 6.
1645 2747 1679 2804 et
1693 2759 1763 2822 reg.
1780 2745 1832 2804 tt.
1848 2741 1904 2820 jur.

328 2855 384 2916 pro
397 2839 604 2900 insinuatione
623 2837 796 2900 Primorum
815 2837 943 2920 ¹Preeum
955 2840 1096 2920 assigno·
1148 2833 1180 2895 iu
1193 2837 1224 2897 6.
1243 2835 1361 2908 «Quod
1374 2835 1473 2896 semel
1493 2836 1627 2914 placuit,
1652 2835 1791 2914 amplius
1812 2834 1908 2914 displi-

326 2934 378 2994 tnr
391 2933 525 3013 spatium
540 2933 631 2994 nnius
644 2932 771 3006 mensis,
783 2932 905 2995 videtur
915 2932 1093 3010 dicendum,
1148 2944 1220 2988 core
1234 2943 1299 2987 non
1312 2931 1414 3007 potest
1430 2947 1437 2989 :
1460 2949 1476 2986 o
1502 2946 1575 2991 eum
1588 2929 1834 3001 concordandis
1849 2935 1907 2989 tnu

328 3025 412 3103 quod
421 3030 495 3103 post
507 3023 584 3086 illud
597 3025 732 3102 precista
746 3029 883 3103 nequeat
898 3023 1032 3104 emplius
1045 3043 1096 3087 ue-
1148 3022 1222 3100 quio
1232 3021 1321 3100 juxte
1330 3040 1361 3084 e.
1377 3021 1415 3084 st
1428 3021 1568 3089 cosas.
1579 3027 1627 3086 ll.
1639 3023 1695 3101 §t
1707 3021 1744 3084 dc
1755 3021 1904 3088 Prolem

328 3122 452 3197 eeplare
465 3118 665 3192 beneficium,
680 3119 841 3180 insinuens
862 3124 937 3180 tunc
959 3119 1096 3198 primum
1147 3117 1181 3178 in
1192 3119 1223 3178 6.
1241 3117 1368 3195 qnando
1381 3115 1529 3192 danicos,
1551 3116 1832 3178 cni‘mandabatur
1844 3134 1907 3195 pro·

330 3211 432 3274 Preces
452 3211 625 3292 primanus.
647 3213 764 3274 Verum
784 3211 991 3293 respondetur
1013 3213 1094 3274 istud
1148 3210 1246 3272 videri
1258 3211 1300 3272 de
1313 3209 1484 3291 pretends
1496 3209 1597 3290 primo
1610 3213 1771 3288 vacatura,
1789 3210 1909 3290 negligit

327 3305 496 3384 procedere
510 3323 545 3368 re
560 3305 693 3385 amplius
707 3323 770 3366 non
784 3306 904 3386 integre
919 3325 927 3366 :
944 3323 1034 3368 aecus
1047 3306 1095 3368 di·
1148 3322 1217 3367 earn
1233 3303 1291 3366 sibi
1305 3303 1442 3367 debitam
1455 3308 1582 3385 petere,
1601 3302 1695 3365 aliam
1713 3303 1907 3383 postmodum

328 3396 463 3459 cendum
477 3413 511 3458 re
525 3396 628 3458 adhue
642 3396 775 3477 integro,
791 3413 846 3458 sen
862 3395 986 3475 qnando
999 3398 1095 3460 bone·
1148 3405 1300 3482 praetexto
1313 3401 1456 3481 ejusdam
1470 3399 1607 3462 mundati
1621 3405 1728 3479 petere
1742 3397 1904 3478 nequibit:

328 3489 432 3552 ficium
455 3489 589 3553 necdum
614 3489 704 3552 alteri
731 3489 878 3552 collatum
904 3489 972 3552 fnit.
1008 3492 1094 3553 Tune
1152 3497 1259 3558 utinm
1282 3495 1364 3557 facta
1384 3495 1412 3556 ai
1434 3494 1533 3575 gratio
1554 3511 1611 3573 per
1630 3493 1728 3574 ipsius
1751 3492 1908 3572 negligan-

330 3580 413 3644 enim
426 3601 518 3664 posse
532 3584 635 3646 adbuc
649 3583 803 3664 acceptari
817 3582 1010 3646 beneficium
1023 3589 1095 3663 post
1145 3589 1222 3652 tiam
1249 3589 1289 3650 sit
1313 3589 1470 3661 extincta,
1500 3607 1517 3646 u
1548 3593 1582 3649 ut
1607 3585 1746 3666 loquitur
1775 3583 1908 3649 Pontilex

329 3695 480 3752 mensem,
495 3675 645 3758 probatur
659 3695 698 3738 ex
712 3677 861 3751 clausule,
883 3673 952 3740 Non
973 3677 1092 3738 obstan·
1148 3679 1223 3742 ibid.

328 3769 412 3845 titus,
441 3787 511 3851 quc
538 3767 658 3833 indulto
686 3771 856 3850 apostolico
881 3776 957 3832 sect.
972 3775 1003 3834 5.
1029 3771 1091 3850 59,
1189 3776 1256 3838 595.
1281 3772 1411 3836 Solvitur
1428 3773 1506 3834 ratio
1517 3769 1673 3834 dubitandi
1679 3789 1697 3852 ;¹
1715 3779 1810 3852 etqua
1823 3770 1909 3832 deeb-

327 3865 460 3928 habetor
473 3865 601 3940 inserta,
617 3865 677 3927 illis
693 3864 796 3928 verbis
813 3883 821 3926 :
851 3865 949 3927 oNon
965 3864 1094 3928 obstan·
1146 3877 1245 3943 rotor,
1267 3887 1326 3950 quc
1347 3868 1459 3930 rorone
1472 3868 1604 3948 pretiolo
1624 3866 1778 3928 tribuetur
1792 3865 1910 3949 saeptas

327 3959 409 4020 tibus
422 3959 507 4022 -de
522 3959 740 4034 insinuatione,
756 3958 966 4037 publicatione
981 3964 1013 4021 et
1026 3958 1095 4020 dili·
1147 3959 1316 4042 oeoeptondr'
1325 3961 1455 4041 pomam
1469 3959 1636 4040 bemficr'cm
1648 3976 1777 4034 coccae,
1798 3960 1826 4021 si
1838 3957 1907 4020 uelit.

329 4053 440 4130 genitis
454 4071 510 4134 per
523 4057 723 4133 acceptantes
740 4053 877 4132 desuper
896 4051 1058 4115 faciendis.
1075 4073 1091 4111 n
1148 4087 1187 4104 --
1199 4055 1263 4116 Nee
1277 4055 1380 4116 obstat
1393 4055 1470 4114 ratio
1485 4051 1649 4116 dubitandi
1670 4071 1701 4114 n.
1717 4057 1792 4117 593.
1810 4053 1907 4114 allata.

327 4151 406 4212 Nam
419 4166 476 4228 per
488 4149 571 4208 hane
584 4145 757 4207 clausulam
774 4145 942 4207 remittitur
955 4145 1093 4207 insinna-
1147 4149 1226 4210 Nam
1240 4167 1296 4228 per
1309 4149 1479 4209 clausulam
1485 4146 1712 4224 illum,Duaerit
1724 4145 1909 4229 acceptanda,

328 4245 392 4318 tio,
419 4242 607 4322 publicatio,
640 4246 673 4302 et
698 4239 858 4319 diligentia
884 4239 923 4301 de
958 4239 1095 4302 insinna-
1148 4241 1342 4304 solummodo
1370 4241 1515 4303 tribuitur
1541 4241 1681 4320 precisle
1708 4239 1856 4317 meabas,
1883 4247 1910 4300 ut

318 4338 412 4410 ,tione
433 4336 652 4417 acceptationis
681 4333 823 4396 beneficii
847 4334 927 4396 intra
954 4351 1094 4396 mensem
1146 4331 1910 4413 possitaccaptareprimnmbeneficiomracami

331 4431 505 4493 necessario
531 4429 683 4504 iacienda,
713 4428 766 4488 nbi
793 4445 844 4490 res
870 4427 972 4489 adbuc
993 4427 1095 4490 existit
1147 4427 1232 4504 velit,
1248 4430 1342 4506 atque
1356 4425 1439 4488 istud
1451 4425 1677 4505 acceptandum
1690 4424 1846 4488 duxerit:
1869 4427 1908 4485 sin

329 4526 467 4605 integre:
492 4531 585 4604 atque
599 4525 666 4585 haee
681 4521 866 4602 relinquitur
889 4519 1016 4582 arbitrio
1038 4539 1094 4581 no-
1146 4519 1238 4582 aliter
1252 4520 1910 4601 possiter'pecturesecundnmveeatnrnn,

330 4619 449 4696 minati,
475 4620 527 4698 qui
547 4616 677 4698 proinde
705 4631 740 4676 re
761 4614 885 4693 integre
908 4613 1002 4675 otiam
1024 4620 1094 4694 post
1146 4613 1224 4676 illud
1237 4618 1419 4694 acceptar03
1436 4615 1462 4675 si
1475 4631 1535 4675 nec
1548 4605 1642 4688 istud,
1657 4615 1810 4688 tertium
1826 4623 1859 4676 et
1875 4615 1910 4672 sic

331 4729 470 4774 mensem
497 4712 610 4791 poterit
636 4709 794 4770 insinnare
821 4706 941 4769 Primos
967 4706 1092 4784 Preces,
1147 4707 1186 4770 de
1206 4703 1338 4770 ceteris.
1362 4709 1430 4770 Non
1457 4725 1530 4770 aero
1558 4726 1614 4788 per
1634 4707 1812 4770 clausulam
1834 4708 1910 4768 illam

329 4804 577 4884 beneficiumque
600 4809 774 4883 acceptare.
803 4800 947 4880 Alioquin
966 4818 1051 4876 vero,
1067 4801 1093 4862 si
1147 4801 1292 4864 tribuitur
1318 4801 1459 4881 precistee
1482 4801 1614 4864 facultas
1641 4799 1804 4874 variandi,
1834 4803 1910 4880 pour

328 4917 392 4960 non
415 4900 498 4960 esset
517 4897 622 4960 addita
643 4897 703 4960 ista
723 4895 863 4957 clausula
884 4894 1092 4974 derogatam,
1147 4913 1242 4976 qnam
1277 4895 1375 4957 semel
1408 4894 1543 4974 primum
1579 4913 1693 4958 uocans
1726 4895 1909 4956 beneficium

330 4994 481 5055 existimat
494 4992 640 5066 Chokier,
655 4989 709 5051 ubi
724 5008 830 5072 supra.
858 4991 888 5067 t.
912 4989 998 5050 Inoa
1012 5007 1092 5050 mer-
1147 4987 1258 5049 oblatis
1285 4985 1424 5049 Precibus
1445 4985 1598 5066 primariis
1623 4986 1813 5065 acceptavit.
1840 4984 1908 5055 Ouia

328 5103 397 5160 cern,
414 5085 497 5166 quod
518 5085 653 5165 precista
675 5082 832 5146 excideret
852 5083 915 5143 suis
936 5082 1093 5162 precibus,
1147 5081 1208 5142 imo
1224 5081 1362 5142 clausula
1374 5081 1427 5142 illa
1441 5080 1516 5144 sutis
1537 5083 1643 5160 aperte
1667 5078 1852 5160 oppositum
1868 5078 1907 5136 iu

330 5183 354 5241 si
376 5179 458 5240 intra
479 5195 622 5241 mensem
643 5194 701 5256 per
720 5193 765 5250 se,
789 5176 837 5240 rel
851 5193 907 5255 per
921 5175 1017 5237 alium
1030 5191 1093 5234 non
1146 5175 1223 5250 nuit,
1252 5175 1327 5237 dum
1355 5174 1502 5255 permittit
1525 5173 1651 5253 qudem
1673 5173 1855 5235 libertatem
1874 5170 1908 5230 de

330 5277 505 5355 acceptaret
534 5289 542 5333 τ
576 5289 648 5332 cum
674 5271 734 5332 hoc
766 5270 834 5348 ipso
862 5287 924 5330 non
948 5285 1092 5330 censere·
1145 5267 1347 5347 acceptando,
1372 5283 1435 5329 non
1457 5284 1532 5328 vero
1545 5265 1585 5326 de
1600 5263 1748 5326 verbodo
1761 5261 1905 5344 postlat-

330 5375 381 5426 tor
413 5363 577 5426 observare
610 5363 765 5438 formam,
801 5377 863 5440 quo
896 5378 960 5421 non
988 5360 1093 5424 obsen-
1146 5367 1209 5422 tarn
1224 5358 1723 5442 semelaoceptetionemzjunctis
1736 5354 1905 5437 presertim

322 5463 401 5520 ‘uate
427 5463 515 5519 octus
549 5459 597 5520 est
627 5457 741 5520 nudus.
779 5457 824 5517 rie
850 5471 907 5534 per
935 5454 993 5516 hoe
1020 5471 1092 5534 pro-
1143 5455 1265 5532 juribus
1278 5453 1416 5534 proxime
1430 5453 1581 5536 allegatis.
1598 5453 1742 5528 Gbokier‚
1760 5454 1827 5515 loc.
1842 5449 1900 5516 cit;
