4026 6054
323 303 383 367 128
460 300 531 364 LlB.
552 301 601 362 111.
624 297 833 360 DECRE‘I'AL.
854 295 927 358 m.
948 293 999 357 lv.
1020 291 1072 353 DE
1092 291 1259 357 ctnttlcls
1278 295 1357 360 NON
1377 299 1660 380 RESlDllNl'lBUS,
1681 303 1763 364 ll'lC.

362 433 414 500 te:
434 433 577 518 Episcopi
597 431 711 493 ratione
735 429 919 492 servitiorum
947 429 978 490 ιἰι
1004 430 1087 490 carta
1139 431 1178 494 lis
1191 434 1309 513 peccati
1323 437 1455 506 reatum,
1471 425 1565 513 quem
1578 425 1726 509 incurrit3
1751 438 1821 498 eum
1841 457 1892 518 pro

321 535 432 612 restim,
448 536 515 602 eta,
533 525 778 608 wilm,
788 527 932 606 1111111111
943 521 1089 585 tatemere
1141 536 1208 592 rata
1220 525 1366 608 temperis
1380 517 1529 591 absemie
1543 529 1666 592 tructus
1680 547 1753 590 snos
1776 547 1835 592 nou
1852 533 1894 594 ia·

321 622 573 696 ocubsscclesiis,
596 619 654 680 aiei
669 619 781 682 edicam
798 617 891 700 'prius
915 617 948 678 t'a
973 616 1089 698 scriptis
1141 641 1223 696 cere,
1238 639 1297 683 nec
1310 625 1378 684 tnta
1392 622 1593 694 conscientia,
1609 624 1669 684 alia
1688 625 1782 685 etiam
1800 623 1893 687 declu-

321 719 416 800 Pupoe
428 716 556 779 licentio.
568 714 704 778 -Unde
718 711 806 774 notat
819 712 947 773 Acerina
957 715 1036 791 part.
1048 711 1085 772 Π.
1141 712 1258 778 ratione
1271 733 1336 778 nou
1349 724 1456 778 secuta
1469 717 1537 779 illos
1551 716 1675 778 tubricae
1690 717 1891 796 ecclesiarum,

322 815 377 878 lib.
392 814 455 876 Vll.
471 829 538 892 cap.
556 827 586 873 ιι
600 805 755 888 queste
773 814 804 868 et
820 805 924 868 'Diana
945 810 1025 886 part.
1049 805 1085 867 ll.
1140 813 1196 872 aut
1208 810 1394 891 pauperibus
1406 810 1467 871 loci
1482 827 1630 890 erogare:
1654 801 1809 888 prohibita
1826 829 1894 891 qua-

323 914 402 970 tract
413 905 437 969 l.
453 905 580 968 resolut.
597 907 627 965 5.
643 902 675 962 in
689 901 744 963 fin.
761 899 898 962 Borbosa
911 899 944 962 tl.
960 899 1086 979 allegat.
1140 921 1265 984 cunque
1278 903 1495 977 conventione,
1513 902 1561 964 vel
1575 901 1811 983 compositione,
1833 923 1893 984 que

322 1007 372 1066 53.
389 1019 420 1062 n.
439 1001 486 1061 17.
503 1001 597 1077 atque
611 993 737 1057 Garoias
752 1000 829 1074 pert.
845 993 894 1056 lil.
916 992 952 1054 de
974 993 1088 1075 Besefi·
1139 1017 1196 1078 pro
1210 997 1360 1060 fructibus
1378 997 1460 1060 male
1483 997 1637 1078 perceptis
1660 998 1842 1078 appellatur,
1863 1019 1895 1060 ex
1990 1041 1991 1056 2

322 1096 385 1169 ciis,
401 1111 470 1174 cap.
486 1109 521 1153 ιι.
536 1109 568 1152 ιι.
588 1093 658 1166 383,
683 1088 769 1170 quod
788 1085 923 1169 episcopi
946 1089 979 1149 in
1001 1087 1088 1148 curia
1141 1111 1203 1172 qua
1217 1092 1312 1155 etiam
1325 1089 1463 1174 praedicti
1476 1091 1595 1154 tructus
1608 1093 1640 1153 in
1653 1085 1767 1164 tobim,
1782 1101 1833 1154 aut
1849 1111 1896 1171 pro

323 1205 445 1269 regum,
461 1191 515 1248 ⁸¹st
528 1183 660 1246 alimum
679 1178 856 1261 ΡΓῘΜῙΡΠΠῙ
880 1179 1086 1254 fimbrium.
1140 1193 1228 1266 parte
1243 1187 1272 1246 ei
1287 1185 1528 1258 remitterentur,
1545 1203 1608 1246 non
1629 1185 1825 1248 obstantibus
1840 1187 1898 1263 qui·

323 1285 488 1363 iungentes
503 1276 603 1342 officio
616 1275 694 1356 regii
715 1275 865 1353 praesidis,
881 1273 931 1335 vel
944 1272 1089 1335 consilia-
1140 1279 1325 1358 husennque
1348 1277 1524 1358 'privilegiis
1555 1279 1730 1358 cuicunque
1754 1279 1896 1362 collegio,

321 1379 370 1449 rii,
386 1375 438 1438 aut
452 1391 509 1456 pro
519 1373 612 1454 regis,
626 1387 691 1431 nou
705 1369 879 1432 eximantur
891 1386 910 1429 a
920 1367 1088 1429 residentia
1141 1376 1195 1432 aut
1208 1369 1332 1432 febrim
1346 1370 1512 1431 concessis,
1527 1389 1544 1428 ,
1565 1371 1639 1431 qm,
1653 1367 1708 1433 ibi·

322 1487 450 1532 suorum
471 1465 726 1546 episcopatuum,
750 1479 810 1524 nec
831 1462 1088 1540 possint'horum
1180 1467 1230 1526 aa.
1255 1462 1434 1545 Tenencrqsoe
1447 1462 1523 1544 ipsos
1536 1463 1567 1524 i„
1580 1463 1645 1543 sm
1666 1461 1852 1538 m,
1874 1475 1899 1526 ,p

322 1562 440 1623 fructus
454 1556 661 1639 percipere'in
675 1552 835 1616 absentia:
857 1554 917 1614 nisi
930 1553 1034 1614 forsan
1049 1551 1089 1614 sit
1140 1557 1209 1620 onie
1235 1557 1327 1620 olium
1352 1557 1524 1619 sententiam
1546 1556 1659 1638 jacint
1687 1559 1900 1634 restituerent
1991 1563 1992 1596 ³

322 1651 460 1715 deiectus
472 1649 647 1718 hominum,
662 1662 722 1706 nec
735 1644 786 1706 alii
800 1643 994 1725 reperiantur
1015 1641 1090 1705 satie
1141 1649 1219 1713 aar?
1231 1649 1323 1732 quue
1335 1649 1500 1712 dxteram
1512 1650 1642 1732 ecenplo
1657 1651 1834 1732 beneficiarii
1849 1673 1899 1714 nun

324 1743 427 1806 idonei
442 1743 480 1803 ad
496 1738 673 1820 praestanda
686 1736 760 1800 talia
773 1738 881 1799 muuia
896 1737 1087 1817 reipublicae,
1142 1743 1290 1806 recitonn's
1304 1741 1391 1804 toros
1403 1742 1566 1803 coamens.
1578 1741 1672 1802 -Ex
1682 1741 1795 1822 quibus
1808 1743 1899 1804 verbis

323 1835 476 1914 simulque
492 1831 618 1894 accedat
631 1847 801 1892 cousensus
815 1829 946 1892 Romani
961 1829 1090 1892 Pontifi·
1142 1839 1238 1917 patet,
1253 1835 1437 1914 episcopum
1451 1833 1532 1895 ultra
1542 1833 1708 1907 trimestre,
1720 1839 1899 1896 accessnnte
1992 1891 1993 1902 2

324 1928 380 2005 cis,
395 1927 485 2006 iuxta
507 1921 758 1984 constitutionem
781 1925 849 1984 139.
873 1921 989 1985 Urbani
1012 1919 1088 1998 Vlll,
1142 1929 1204 1992 alia
1216 1930 1356 2011 legitima
1368 1927 1639 1990 c'ausaabseutem
1655 1945 1744 1990 esua
1759 1929 1897 2005 Ecclesia,

324 2039 393 2100 quae
416 2018 535 2097 insipit,
560 2015 669 2078 Sancta
690 2013 838 2097 synodus,
862 2033 958 2094 8111118
978 2033 1011 2078 ¹1·
1035 2018 1086 2078 46·
1142 2024 1240 2086 te'neri
1268 2023 1362 2084 etiam
1389 2021 1421 2080 in
1447 2019 1514 2082 loro
1542 2021 1750 2097 conscientie,
1779 2031 1900 2086 etanta

321 2114 387 2194 jam
400 2113 537 2174 niteam.
552 2111 598 2172 lta
615 2109 730 2188 quippe
751 2109 769 2187 ἓ
790 2110 821 2170 8·
843 2115 875 2170 el
896 2112 926 2172 9·
949 2107 1090 2170 Pontifex
1142 2117 1235 2180 aliam
1262 2113 1448 2177 seutentiam
1477 2114 1715 2178 declaratoriam
1742 2119 1900 2198 superioris

323 2209 381 2270 sub
397 2204 584 2288 gravissimis
598 2200 865 2282 poessi82910hibei
878 2201 1022 2263 omnibus
1036 2219 1088 2281 pa·
1138 2210 1262 2291 judicis,
1277 2209 1441 2270 restituere
1466 2207 1586 2270 lru'etus
1606 2209 1819 2289 episcopales:
1844 2229 1899 2272 nnn
1993 2247 1994 2270 t

322 2299 477 2370 triarchi&
492 2293 744 2374 arsshielliflffll’ib
761 2293 925 2373 θ1118601111,
941 2299 1090 2356 ecanae
1142 2304 1257 2376 minus,
1272 2320 1309 2364 ac
1322 2301 1455 2363 ciericos
1471 2301 1690 2364 beneficiarius
1707 2306 1749 2366 ob
1770 2305 1901 2366 omissio·

324 2393 387 2456 suis
402 2390 544 2454 Ecclesiis
558 2386 762 2460 discedant,.n
780 2383 838 2446 11ἰεί
857 2386 984 2448 obtenta
1004 2388 1090 2467 prius
1142 2415 1217 2458 nem
1229 2395 1419 2459 recitationis
1431 2395 1583 2456 Horarum
1597 2395 1828 2472 canonicarum,
1850 2414 1900 2474 pru

323 2485 454 2548 Romani
468 2481 625 2546 Pontificio
639 2497 694 2560 pro
708 2485 848 2558 ternpore
862 2480 1020 2542 existentis
1033 2499 1090 2560 per
1142 2497 1209 2552 rata
1223 2488 1387 2567 temporis,
1410 2491 1534 2549 tenetur
1556 2487 1674 2551 fructus
1696 2491 1745 2550 sui
1768 2490 1901 2553 beneficii

323 2583 432 2653 Breve,
448 2597 504 2640 seu
518 2577 649 2639 Litteras
664 2570 804 2634 missivas
814 2572 947 2634 lieentia.
960 2596 974 2632 n
990 2573 1087 2651 Adeo,
1141 2583 1316 2646 restituere.
1337 2581 1497 2659 Siquidem
1517 2587 1584 2643 tuin
1604 2582 1770 2663 episeopus
1783 2603 1844 2646 non
1858 2603 1902 2646 ra·

324 2682 357 2737 ut
384 2673 423 2735 ab
450 2688 558 2734 earum
585 2683 751 2748 paenarum
781 2664 908 2726 incursu
936 2666 1090 2743 (subditur
1143 2675 1265 2750 sidens,
1296 2680 1332 2736 ut
1356 2679 1471 2754 septa,
1500 2679 1567 2736 tum
1597 2675 1819 2738 beneficiarius
1845 2695 1901 2738 non
1994 2661 1995 2666 ’

322 2767 416 2847 ἓΙΟ.)
430 2763 533 2825 nullus
548 2779 581 2822 ΒΘ
596 2775 744 2822 excusare
758 2758 867 2837 possit,
882 2761 1090 2837 praetextu,et
1142 2769 1276 2832 recitans
1298 2769 1397 2828 Horas
1420 2768 1587 2829 canonicas
1594 2815 1602 2844 ‚
1626 2786 1684 2847 per
1703 2771 1791 2850 leges
1811 2771 1900 2833 epple.

323 2861 442 2924 ratioua
472 2857 685 2936 cujuscunque
707 2852 832 2924 servilii,
857 2837 1090 2930 qu⁰ffl⁰d⁰¹ib0²
1143 2861 1281 2922 siastioas
1294 2859 1395 2921 iactus
1409 2862 1459 2922 est
1472 2859 1618 2922 inhabilis
1642 2861 1683 2922 ad
1705 2863 1902 2941 acquirendos

323 2951 460 3035 praestiti,
477 2955 509 3012 et
523 2945 688 3028 praestandi
710 2961 768 3024 pro
791 2942 936 3023 gerendis
959 2949 990 3005 et
1012 2947 1090 3006 ttae·
1143 2951 1296 3033 ejusmodi
1310 2951 1444 3025 buctus3
1463 2969 1500 3012 eo
1515 2951 1599 3031 quod
1613 2953 1693 3014 sacri
1706 2971 1841 3015 canones
1853 2957 1903 3014 im-

323 3045 425 3108 tandis
452 3042 583 3122 negotiis
611 3053 868 3118 quorumeunque
902 3036 1086 3116 principum,
1142 3044 1270 3125 pediant
1293 3043 1534 3123 acquisitionem
1561 3043 1717 3106 fructuum
1750 3045 1903 3108 beneficia·

323 3140 416 3202 etiam
431 3133 641 3216 imperatoris,
654 3137 819 3212 etregum,
835 3149 872 3192 ao
885 3131 1091 3209 rerumpubli·
1143 3140 1243 3213 lium,
1287 3137 1346 3199 nisi
1392 3127 1528 3217 ponatui
1568 3137 1702 3200 conditio
1741 3139 1901 3219 pomonalis
1995 3177 1996 3238 ἰ

323 3251 442 3305 earnm,
458 3245 638 3310 regnorum,
654 3243 691 3286 ac
705 3223 951 3304 provinciarum?
966 3241 1026 3285 nec
1040 3242 1090 3286 ra·
1143 3232 1332 3306 residentiae,
1355 3238 1410 3293 aut
1431 3230 1619 3293 recitationis
1642 3233 1796 3295 Horamm
1819 3251 1901 3294 cane

323 3327 408 3387 tione
430 3321 594 3403 cujuslibet
612 3316 780 3398 jussioniS,
803 3316 854 3377 vel
875 3315 1013 3378 mandati
1036 3333 1091 3377 eo-
1144 3327 1294 3388 ninarum.
1310 3324 1399 3388 Unde
1415 3330 1446 3386 et
1467 3325 1599 3403 privatio
1617 3324 1773 3387 fructuum
1793 3325 1899 3388 benefi-

324 3439 404 3494 rum,
427 3418 478 3480 vel
501 3415 625 3488 aarum,
650 3410 900 3490 quandocunque
932 3409 1016 3488 tacti,
1041 3411 1090 3472 vel
1143 3419 1279 3493 niallam,
1296 3424 1389 3498 atque
1412 3417 1560 3497 obligatio
1582 3419 1709 3481 eosdem
1731 3419 1900 3483 restituendi

323 3511 466 3590 leniendi,
482 3529 498 3568 ι
516 3514 574 3571 etc.
592 3511 685 3588 prout
699 3505 831 3585 amplius
844 3505 877 3566 in
891 3505 1003 3568 eadem
1019 3506 1091 3568 Bul·
1144 3517 1217 3576 aute
1244 3530 1370 3574 omnem
1397 3512 1584 3573 sententiam
1609 3513 1742 3591 iudicis,
1776 3517 1901 3575 nonest

323 3610 354 3671 la
390 3605 580 3676 continetur3
618 3607 648 3662 et
683 3605 771 3662 notat
805 3601 972 3680 Foguanus
1000 3601 1032 3662 in
1059 3619 1087 3663 c.
1143 3604 1377 3688 poeuaproprie
1391 3605 1484 3678 dicte,
1500 3611 1557 3668 seu'
1571 3606 1651 3683 talis,
1674 3625 1739 3686 qua
1762 3609 1827 3686 quis
1845 3608 1899 3688 pri-

325 3699 465 3778 Quulitsr.
480 3716 512 3757 n.
530 3699 579 3758 12.
597 3698 645 3758 13.
662 3711 699 3756 ac
714 3710 802 3773 seqq.
817 3693 850 3754 b.
865 3696 889 3756 t.
1053 3693 1056 3700 ⁴
1143 3703 1234 3762 vatur
1247 3717 1282 3760 re
1296 3717 1364 3773 sua,
1381 3697 1503 3776 sibique
1514 3699 1581 3777 jam
1595 3700 1768 3778 aoqarisita:
1784 3701 1835 3762 s'ed
1850 3719 1900 3780 po-

364 3795 414 3855 50.
449 3789 545 3853 nm
570 3789 769 3870 episcoporum
797 3805 854 3847 coc
879 3785 1088 3864 residentium,
1144 3792 1205 3858 tius
1233 3791 1402 3870 munitur
1430 3795 1464 3852 nt
1490 3790 1626 3852 conditio
1653 3793 1816 3872 quaedum,
1842 3795 1897 3854 sire

324 3885 413 3972 qcoe?
425 3885 589 3968 Episcopus
604 3901 661 3944 ιιοιι
674 3880 812 3960 residens,
826 3899 881 3962 pro
894 3891 962 3942 roto
979 3889 1089 3964 tempo·
1144 3885 1256 3947 modus
1270 3883 1446 3946 necessario
1462 3882 1684 3962 observandus,
1701 3885 1759 3947 nisi
1780 3892 1898 3966 ponatur

324 3981 366 4042 n's
380 3977 515 4041 absentio
526 3976 639 4058 fruente
653 3973 833 4056 episcopans
846 3993 904 4034 non
922 3976 996 4056 socii
1013 3993 1090 4038 suos.
1144 3978 1274 4062 praeiet'a
1295 3977 1465 4039 residentia
1488 3977 1673 4056 personalis,
1699 3985 1754 4040 aut
1776 3980 1896 4040 recitatio

324 4071 530 4144 -Quaeritur
548 4070 598 4131 lV.
623 4069 697 4140 Ouae
720 4068 783 4129 sint
803 4087 907 4149 poenae
929 4068 1091 4149 episcopo·
1145 4075 1298 4136 Horarum
1312 4072 1545 4134 canonicarum.
1558 4071 1642 4134 Sicut
1655 4073 1688 4133 iu
1698 4073 1787 4134 simili
1797 4076 1897 4135 contin

325 4185 395 4231 rum
408 4181 471 4226 nou
486 4161 709 4225 residentiumt
723 4163 815 4239 Resp.
838 4165 860 4223 l.
885 4162 1002 4224 Praeter
1025 4180 1091 4224 rea·
1146 4169 1200 4249 git,
1216 4165 1340 4247 quando
1355 4170 1488 4227 testator
1507 4166 1654 4245 relinquit
1675 4165 1807 4246 cuipiam
1822 4169 1896 4246 lega-

325 4265 393 4322 tum
406 4257 503 4336 culpe
518 4253 656 4316 mortalis
670 4271 765 4333 quem
779 4253 907 4316 incurrit
926 4255 1091 4335 episcopus
1145 4267 1211 4322 tum
1230 4259 1289 4320 sub
1310 4258 1498 4335 conditione,
1522 4259 1587 4320 sive
1608 4275 1715 4338 onere,
1731 4263 1775 4322 'ut
1795 4259 1894 4339 aliquid

326 4369 389 4413 non
410 4349 560 4422 residens,
586 4351 749 4426 utsupra,
777 4364 834 4426 pro
857 4353 923 4409 rata
945 4348 1092 4428 temporis
1145 4349 1271 4413 iaciat:
1308 4351 1384 4414 alitis
1420 4351 1532 4430 paidat
1567 4353 1717 4434 legatum.
1761 4355 1894 4416 Nauanus

326 4443 474 4507 absentie
489 4441 607 4504 tructus
621 4440 816 4520 episcopatus
829 4458 893 4501 non
906 4441 980 4504 facit
995 4459 1089 4515 suos;
1146 4463 1215 4525 cap.
1231 4461 1300 4507 xxv.
1317 4443 1451 4506 Monuni.
1473 4463 1505 4504 n.
1528 4446 1596 4507 118.
1619 4448 1691 4522 post
1711 4445 1856 4509 Atheon
1871 4464 1892 4505 c.

327 4537 382 4599 sed
408 4541 533 4599 tenetur
553 4533 643 4614 ipsos'
661 4535 825 4596 restituere
847 4535 1014 4609 Ecclesiae,
1044 4535 1092 4596 vel
1146 4535 1332 4620 Ropoctdas.
1347 4555 1381 4598 n.
1397 4540 1447 4598 25.
1464 4554 1544 4599 vers.
1561 4537 1594 4597 in
1608 4537 1718 4600 Glossa
1732 4539 1764 4599 in
1780 4543 1810 4614 i.
1824 4536 1894 4617 Aelii·

326 4630 530 4714 pauperibus,
545 4636 584 4710 ⁴et
606 4629 734 4709 quidem
757 4634 828 4689 ante
851 4645 977 4690 omnem
999 4629 1093 4690 aliam
1146 4628 1267 4692 camele
1282 4627 1453 4690 Testamect.
1470 4633 1501 4689 et
1515 4627 1601 4689 alios.
1617 4628 1892 4692 concordantdicta

328 4725 512 4790 sententiam
536 4723 660 4804 iudicis.
693 4725 807 4786 Textus
834 4727 882 4784 est
908 4730 1034 4804 apertus
1048 4724 1093 4784 viu
1147 4721 1288 4803 superius
1310 4721 1364 4782 lib.
1388 4722 1411 4783 1.
1436 4721 1484 4784 tit.
1509 4723 1544 4784 ll.
1569 4719 1614 4782 De
1640 4719 1891 4784 Coasta'tutiombu.

327 4821 457 4886 concilio
480 4819 658 4882 Tridentino
682 4833 758 4878 sees.
784 4818 834 4878 23.
869 4833 936 4895 cop.
961 4834 983 4878 1.
1011 4833 1091 4878 vers.
1146 4819 1226 4897 §ld
1242 4835 1275 4878 n.
1290 4819 1360 4878 226.
1377 4822 1409 4876 et
1422 4833 1511 4894 seqq.
1530 4834 1566 4876 ac
1590 4817 1765 4894 prasertim
1786 4835 1816 4876 u.
1838 4819 1891 4877 135.

328 4918 367 4982 Si
378 4916 561 5000 paneadem.
576 4909 755 4991 delitescam.
772 4911 825 4971 ubi
840 4909 996 4989 loquendo
1010 4927 1094 4971 oum·
1187 4915 1236 4974 52.
1259 4911 1330 4972 Atia
1349 4929 1436 4992 preco
1458 4909 1587 4992 episcopi
1606 4929 1665 4970 aon
1692 4911 1836 4974 resideatis
1853 4919 1891 4982 est,

327 5009 435 5091 primis
462 5009 501 5068 de
529 5004 692 5085 episcopis,
719 5003 763 5064 sic
785 5003 898 5082 legitur
922 5005 1091 5074 statutum:
1147 5003 1217 5064 otei
1228 5003 1319 5066 debite
1332 5004 1457 5064 monitio
1470 5023 1527 5065 non
1540 5001 1690 5077 resederit,
1700 5002 1892 5086 prt'oetcrepo·

331 5104 391 5166 «si
406 5101 475 5181 quis
487 5101 605 5172 autem,
621 5096 706 5176 quod
720 5097 838 5158 utinam
851 5113 1012 5177 nunqnam
1024 5113 1096 5158 eve·
1148 5105 1261 5180 capatus.
1279 5095 1385 5159 Causea
1397 5097 1607 5178 episcoporum,
1626 5097 1795 5178 masmim
1813 5095 1890 5158 ιιὶιιιὲ

328 5199 403 5273 uiat,
419 5201 526 5260 oontm
540 5193 635 5273 huius
648 5191 762 5252 decreti
785 5191 1017 5271 dispositionem
1040 5188 1095 5251 ab·
1148 5189 1227 5253 acles
1249 5191 1395 5273 prooem
1417 5199 1519 5252 cenna
1541 5209 1597 5270 cos,
1621 5189 1658 5252 de
1679 5191 1758 5271 (nob
1780 5190 1887 5252 solum

328 5291 430 5366 luerit,
456 5287 564 5350 statuit
586 5291 783 5348 sacrosancta
806 5282 958 5364 synodus,
981 5290 1095 5363 preter
1149 5281 1237 5366 Papo
1257 5281 1471 5366 copnoscendoe,
1495 5292 1526 5346 ct
1552 5283 1743 5347 semaam
1768 5291 1831 5346 scat.
1853 5309 1884 5324 -·

330 5384 406 5445 alias
426 5399 538 5462 paenas
561 5382 711 5444 adversus
732 5395 797 5439 uon
819 5378 1008 5452 residentes,
1037 5376 1095 5439 sub
1149 5375 1240 5456 Resp.
1258 5377 1292 5440 ll.
1309 5375 1376 5438 Alia
1394 5395 1489 5457 poena
1509 5375 1648 5458 episcopi
1669 5394 1732 5438 non
1752 5369 1881 5438 resuntis

329 5477 424 5544 Paulo
438 5477 487 5539 lll.
504 5475 674 5560 impositas,
690 5479 722 5536 et
733 5472 905 5547 innovatos,
928 5489 964 5532 ae
983 5477 1097 5533 morta·
1150 5475 1209 5544 est,
1224 5475 1259 5532 ut
1272 5469 1298 5532 si
1311 5469 1416 5533 debite
1430 5469 1566 5533 monitus
1579 5469 1621 5533 ad
1634 5470 1798 5532 Ecclesiam
1813 5477 1882 5526 mam
