4016 6056
330 339 390 400 cto
972 337 1271 420 anuorirrenss

328 485 378 540 per
399 469 485 528 solam
508 471 729 544 supplicetionom
749 471 898 544 signium,
918 471 1095 542 subscriptio·
1150 471 1220 542 gule
1235 469 1459 542 explanationem,
1478 465 1595 524 vindieat
1610 485 1643 524 ea
1664 469 1716 524 sibi
1736 484 1838 542 quoque
1859 469 1882 526 lo

328 569 391 608 nem
406 571 503 627 nempe
518 556 595 628 Papae
610 573 673 613 cum
686 555 806 612 clausula
819 553 908 612 Placet
925 555 966 612 sel
985 554 1048 612 Fiet
1067 559 1097 610 ut
1150 569 1214 608 oum
1227 555 1255 609 in
1268 555 1465 610 cathedralibus
1479 560 1509 610 et
1528 553 1682 626 collegiatis,
1693 553 1825 624 inquibus
1836 553 1899 609 adest

324 638 436 709 pudor,
454 640 553 698 littoris
576 658 633 696 non
655 637 797 712 expeditis,
817 640 927 695 nullum
949 638 1097 709 acquiritur
1150 653 1205 692 una
1218 643 1322 694 tentum
1337 638 1534 711 dignites5heec
1548 639 1632 704 enim,
1644 639 1694 694 etsi
1708 635 1796 702 unica,
1805 653 1899 708 semper

325 723 382 794 jus.
399 725 518 780 Declnrat
535 727 608 782 enim
629 724 750 782 Pontifex
769 723 842 796 qued
861 725 1034 796 impetrantes
1045 723 1096 778 be·
1151 725 1191 774 est
1206 725 1293 794 major
1307 724 1349 778 rel
1363 722 1527 796 principalis,
1541 723 1605 794 quia
1620 722 1679 778 talis
1697 729 1835 794 reputatur
1852 741 1900 779 res-

329 808 426 864 nellciu
440 827 455 863 n
468 809 540 866 Sede
558 811 703 882 apostolico
721 808 799 866 titulo
813 807 961 866 collationis
972 808 1014 864 rel
1028 825 1096 864 con-
1150 811 1227 876 pectu
1243 807 1358 862 aliorum
1373 805 1563 862 beneficiorum
1578 807 1611 861 de
1625 804 1772 861 cathedrali
1780 806 1820 862 sel
1828 806 1901 860 eolle-

330 891 500 963 firmationis,
519 901 566 950 aut
585 895 702 964 unionis,
721 900 768 950 aut
783 895 848 964 alio,
866 895 889 950 si
909 900 970 948 ente
993 894 1096 950 litteras
1149 890 1231 960 gieta,
1247 895 1275 947 et
1289 891 1387 947 sufficit
1401 891 1473 962 quod
1484 891 1512 944 in
1522 891 1560 946 eis
1574 905 1656 945 nemo
1669 890 1741 945 adsit
1753 891 1799 961 qui
1813 889 1903 944 ratione

331 976 466 1048 expeditas
502 977 635 1034 dictorum
669 979 862 1036 beneficiorum
899 980 1095 1051 possessionem
1149 987 1203 1028 θυι
1233 975 1392 1046 prebende,
1414 973 1546 1048 precedet
1573 973 1615 1028 rel
1634 974 1802 1046 superiorem
1822 973 1903 1028 locum

331 1059 557 1131 apprehenderint
578 1079 628 1134 per
650 1079 678 1118 se
699 1063 742 1118 rel
762 1079 811 1134 per
830 1063 924 1132 olium,
944 1070 990 1118 aut
1011 1067 1095 1116 rutam
1149 1055 1277 1126 obtineat,
1298 1065 1345 1112 eut
1362 1057 1454 1113 sedeut
1474 1073 1554 1128 supra
1571 1055 1754 1128 possidentem
1769 1056 1837 1109 ιιιιιιι
1850 1057 1903 1149 uni·

330 1142 474 1200 habuerint
490 1161 541 1218 per
556 1147 641 1202 alium
662 1164 710 1202 ouo
729 1147 849 1220 ipsorum
868 1148 977 1202 nomine
998 1163 1094 1220 oppos·
1148 1155 1206 1194 cem
1228 1139 1397 1212 dignitatem.
1428 1141 1575 1196 henrenius
1594 1148 1623 1195 et
1641 1141 1732 1195 ceteri
1753 1139 1850 1194 ibidem
1870 1157 1903 1196 et·

329 1225 451 1300 henam,
466 1231 519 1286 sint
531 1231 590 1303 ipse
602 1229 670 1288 ficto
684 1233 780 1304 privati
794 1233 868 1288 omni
880 1234 942 1304 jnro
967 1232 996 1286 in
1017 1232 1095 1287 dictis
1150 1225 1230 1280 toti...
1245 1225 1323 1290 Quod
1342 1232 1432 1282 umen
1452 1225 1669 1298 intelligendum,
1692 1225 1799 1296 quando
1820 1227 1846 1279 tn
1863 1241 1904 1280 ec

329 1309 470 1368 beneficiis
482 1315 604 1385 quesite,
620 1313 717 1371 etheo
735 1325 892 1373 remaneant
905 1315 1028 1372 Pontifici
1049 1331 1094 1370 re·
1150 1307 1233 1363 clusit
1247 1308 1344 1365 adsunt
1356 1310 1409 1364 elin
1427 1309 1567 1365 beneficia.
1588 1311 1655 1366 Nam
1674 1311 1696 1364 si
1715 1311 1794 1364 unica
1811 1315 1904 1365 tantum

329 1401 441 1466 serrata,
456 1401 483 1453 et
497 1415 626 1455 unacum
639 1399 770 1456 fructibus
784 1401 867 1456 otiam
882 1402 911 1454 in
925 1399 1095 1456 conscientia
1150 1392 1246 1448 existat
1259 1393 1374 1466 dignitus
1387 1396 1445 1450 sine
1459 1393 1519 1449 eliis
1533 1395 1680 1464 beneficiis,
1700 1395 1737 1449 ita
1756 1400 1787 1449 ut
1807 1401 1855 1450 tote
1867 1412 1905 1449 or·

327 1475 387 1532 foro
405 1477 542 1536 dimittere
559 1489 587 1538 et
604 1484 747 1540 restituere
765 1487 916 1552 teneantur,
935 1483 972 1536 ita
991 1488 1023 1537 ut
1039 1498 1094 1536 non
1148 1473 1245 1531 dinarii
1258 1478 1369 1533 insultes
1382 1478 1409 1534 in
1423 1477 1584 1534 conserendo
1602 1479 1791 1550 restringatur,
1803 1485 1831 1533 et
1842 1476 1904 1534 obli·

328 1562 489 1636 suffregetur
502 1567 541 1622 eis
554 1567 648 1640 regule
662 1567 699 1624 De
723 1566 868 1637 Trieoooli,
887 1573 915 1622 et
933 1567 999 1622 fient
1019 1565 1094 1622 inba-
1148 1567 1228 1631 geter
1242 1560 1317 1616 dicte
1340 1563 1427 1618 unice
1445 1562 1578 1636 dignitati,
1597 1561 1655 1618 hec
1672 1571 1800 1634 tanquam
1818 1579 1904 1618 mono·

327 1645 396 1702 biles
409 1647 444 1703 ad
462 1650 509 1705 ιιι,
526 1651 622 1707 ,adem
640 1668 689 1724 pgr
707 1668 804 1708 ,mam
821 1650 1002 1724 provisionem
1022 1651 1094 1705 obii.
1148 1646 1246 1700 culeris
1260 1664 1314 1702 non
1334 1648 1574 1720 comprehenditur
1594 1650 1643 1704 sub
1666 1650 1781 1722 regula,
1795 1655 1824 1704 ut
1843 1649 1905 1704 inter

327 1730 426 1786 nonde.
454 1733 533 1788 Notat
559 1739 650 1791 temen
669 1735 838 1803 Thesaurus,
861 1731 897 1790 ile
921 1733 1008 1806 pusio
1031 1731 1092 1789 oeci.
1148 1735 1294 1802 utrumque
1309 1748 1400 1786 cesum
1414 1730 1604 1806 distinguendo
1618 1731 1904 1805 explicntCorredusin

324 1826 387 1890 ¹step.
403 1830 440 1878 tv.
462 1823 489 1868 ιθ
504 1813 606 1888 Grotio,
625 1817 695 1874 benc
712 1817 929 1874 constitutionem
946 1834 1000 1873 non
1019 1817 1093 1890 loqui
1147 1813 1230 1871 Pras.
1254 1815 1358 1882 benefic
1379 1816 1429 1872 lib.
1451 1817 1483 1888 ll,
1506 1835 1564 1890 cap.
1584 1833 1643 1888 stu,
1658 1835 1687 1874 n.
1702 1820 1738 1874 tt
1761 1823 1789 1873 ot
1808 1817 1850 1874 ib.
1864 1818 1904 1872 ubi

328 1893 362 1950 de
380 1897 585 1971 episcopatibus,
606 1902 654 1958 sod
667 1901 701 1958 de
715 1901 852 1958 beneficiis
870 1901 1051 1971 inierioribue,
1066 1909 1095 1956 et
1147 1899 1238 1956 reddit
1256 1902 1400 1973 rationem,
1423 1902 1545 1960 Clericet.
1568 1903 1605 1959 lte
1617 1903 1721 1975 benefic.
1737 1903 1850 1960 discerd.
1865 1905 1905 1974 78,

326 1979 400 2050 quod
413 1981 470 2038 iste
484 1999 569 2056 poenes
583 2003 638 2042 non
651 1979 834 2057 incurrantur,
850 1987 956 2060 quoties
969 2003 1024 2042 non
1032 2002 1093 2058 pre·
1147 2001 1174 2040 n.
1190 1985 1206 2040 ι
1211 2003 1221 2057 5
1238 1986 1315 2056 Rota,
1330 1986 1414 2044 decis.
1429 1987 1535 2058 ccxii,
1551 2004 1579 2042 n.
1596 1993 1623 2059 5,
1638 2005 1729 2044 eornm
1744 1989 1887 2045 [iunones

326 2061 431 2120 ceditur
444 2081 507 2122 cum
528 2070 681 2142 melotide,
703 2072 751 2128 sed
773 2089 806 2128 sx
825 2071 987 2127 conscientie
1004 2069 1090 2142 bone;

325 2143 385 2202 ideo
400 2153 463 2204 tunc
477 2151 668 2226 suffragabitur
680 2157 776 2230 regula
790 2153 826 2212 tte
844 2153 1010 2212 Trieonnli...
1022 2155 1093 2211 irue-

325 2235 368 2285 tus
389 2237 480 2290 umen
497 2245 558 2294 ente
577 2239 729 2297 litterarum
753 2239 954 2312 expeditionem
973 2239 1093 2312 percepti

324 2317 483 2374 restituendi
490 2327 581 2393 erunt,
588 2325 637 2378 nisi
646 2325 794 2398 prescripti
802 2325 866 2379 sint.
877 2324 1025 2398 (Gireldue,
1035 2321 1092 2380 Es·

320 2400 468 2474 putitiu.
483 2402 587 2479 Pontis.
602 2415 671 2480 part.
687 2411 709 2477 l,
724 2415 790 2465 sect.
807 2409 883 2480 ³84.)

359 2485 398 2542 No
412 2489 554 2545 concludas
573 2507 607 2547 ox
624 2491 710 2548 verbis
727 2491 886 2566 prnloudati
902 2493 1033 2550 Thesauri
1053 2494 1089 2550 li·

321 2583 384 2647 cero
408 2573 536 2648 episeopis
561 2579 756 2648 pussessionem
786 2578 858 2636 sedis
887 2577 1089 2653 apprehendero

321 2659 382 2710 ante
411 2656 562 2716 litterarum
589 2662 808 2736 expeditionem,
833 2679 895 2719 oum
918 2680 933 2719 e
956 2663 1089 2719 contrario

322 2737 384 2809 ipsis
397 2748 561 2816 preceptum
581 2746 625 2814 sit,
644 2747 693 2802 sub
714 2763 794 2819 prena
812 2747 943 2803 nullitetis
966 2747 1089 2803 omnium

320 2827 456 2894 sotorum,
480 2831 542 2882 unte
565 2844 674 2884 omnem
696 2829 892 2902 possessionem
916 2829 1085 2902 capiendam,

320 2903 421 2976 Litteras
434 2910 590 2980 apostolicos
605 2915 722 2987 capitulo
736 2916 862 2971 exhibere
879 2921 906 2970 et
921 2915 959 2969 sie
972 2913 1006 2969 do
1019 2915 1089 2986 legi·

321 2991 388 3047 timu
400 3010 449 3048 sue
462 2996 630 3054 institutione
645 3000 831 3072 probationem
852 2999 958 3056 efferre.
974 2997 1015 3056 Cf.
1030 2999 1087 3056 Ad-

320 3079 484 3135 notutionem
498 3079 597 3156 xxxtt,
611 3085 665 3141 rol.
676 3086 699 3156 l,
709 3103 770 3160 pag.
783 3089 846 3158 607,
855 3086 1014 3162 etregulam
1023 3103 1086 3142 cen·

320 3163 436 3222 cellorie
450 3163 535 3232 xxxi.

564 3305 756 3365 anserino
770 3305 835 3367 niv.

383 3451 442 3512 ιιι,
457 3451 507 3512 ιι.
525 3453 577 3512 ιι.
597 3457 626 3528 ν,
642 3457 747 3532 orni,
761 3475 789 3517 o.
806 3459 868 3524 too.
882 3475 945 3536 pop.
960 3461 1024 3518 stt.

317 3623 355 3666 ΛΝ
367 3623 528 3666 enutrierunt
542 3626 705 3668 insecuturi
720 3590 865 3672 sunonem
874 3613 1082 3672 esssnvnstotttl

357 3765 488 3839 «Regulo
515 3783 596 3838 none,
614 3767 692 3823 docet
710 3765 868 3840 iligentius,
894 3770 985 3826 locum
1003 3767 1084 3828 babet

317 3847 346 3904 in
361 3850 499 3907 beneficiis
513 3852 742 3922 monoculeribus,
752 3869 802 3908 nec
817 3853 945 3909 ordinarii
955 3855 1083 3927 conqueri

316 3940 429 4004 possunt
442 3951 471 3990 se
485 3938 583 4008 privari
601 3937 653 3992 hoc
672 3937 749 3993 unico
768 3937 883 4007 lumine,
900 3937 964 4012 qnia
981 3939 1009 3994 id
1028 3957 1084 3997 non

315 4019 446 4092 contingit
467 4022 541 4076 omni
564 4027 696 4094 tempore,
720 4023 767 4079 sed
794 4024 932 4080 dumtuxet
953 4027 982 4082 in
1004 4044 1081 4084 men-

314 4103 390 4158 sibus
417 4105 582 4179 apostolicis,
611 4108 712 4164 better.
736 4107 773 4164 De
795 4125 823 4166 re
850 4109 954 4182 benefic.
980 4111 1017 4168 lib
1046 4111 1079 4182 ll,

313 4193 409 4258 quest.
433 4189 548 4260 xxtttx,
574 4208 603 4247 n.
630 4197 645 4248 3
674 4201 702 4250 et
727 4211 803 4267 seqq.
827 4195 955 4252 Gennalex
977 4196 1012 4251 ad
1035 4215 1081 4254 re·

312 4271 371 4342 gul.
386 4272 457 4344 vrit,
471 4275 553 4347 gloss.
569 4279 596 4348 9,
617 4279 634 4352 5
651 4279 695 4349 lll,
715 4296 743 4337 n.
764 4281 811 4352 155
826 4280 943 4338 Lernen.
957 4279 1020 4340 For.
1036 4281 1080 4338 be·

311 4355 388 4427 eefie.
405 4359 484 4414 Tem.
504 4363 540 4430 ll,
560 4369 656 4435 quest.
680 4363 782 4433 ntvtt,
806 4381 835 4422 n.
860 4367 891 4438 35
915 4367 1020 4424 Garoias
1043 4367 1080 4426 De

166 4506 170 4514 ,
195 4485 197 4490 .
312 4437 452 4513 benefieiis,
468 4450 537 4516 pert.
553 4445 585 4518 V,
598 4464 657 4520 cap.
671 4465 691 4517 r,
707 4465 734 4502 n.
750 4453 775 4514 b,
791 4451 838 4506 ubi
858 4451 940 4506 reiort
952 4453 989 4509 sic
1002 4453 1079 4524 judi·

310 4531 416 4599 cetum;
431 4528 561 4586 Nicolnrts
574 4533 610 4587 ad
623 4531 781 4591 comesne
799 4525 942 4592 Germanice
961 4536 1026 4594 dub.
1042 4539 1077 4608 ll,

309 4609 326 4682 5
349 4613 364 4668 3
390 4619 418 4668 et
444 4615 475 4686 45
501 4617 627 4688 Barbooe,
649 4617 686 4676 De
707 4621 819 4694 episcop.
844 4627 913 4694 pert.
935 4623 987 4692 lll,
1010 4625 1078 4681 olle·

1396 2149 1588 2211 anserino
1606 2149 1660 2210 nv.

1216 2297 1274 2356 ne.
1288 2297 1337 2357 ιιι.
1357 2299 1409 2358 ιιι.
1429 2299 1458 2368 ν,
1473 2301 1489 2374 5
1503 2299 1563 2372 ιν,
1578 2317 1606 2356 o.
1622 2299 1685 2371 sse,
1697 2317 1764 2374 pap.
1779 2299 1841 2358 ess.

1180 2451 1217 2491 ΔΝ
1230 2451 1401 2508 centesimo,
1416 2453 1504 2493 HENSE
1516 2453 1624 2506 mese,
1639 2452 1781 2494 mnsam
1794 2451 1875 2494 mil

1289 2537 1429 2579 senestuti
1443 2537 1513 2580 APUD
1528 2538 1613 2578 subs!
1627 2537 1774 2578 me-

1178 2659 1217 2716 ιιι
1231 2675 1289 2733 cup.
1302 2659 1447 2728 Stotutunt,
1462 2662 1514 2718 hoc
1538 2663 1628 2731 titulo,
1650 2663 1678 2716 in
1697 2665 1724 2718 θ.
1746 2663 1813 2718 lieet
1830 2661 1906 2718 bene-

1143 2743 1203 2801 ficia
1214 2748 1332 2801 recentia
1343 2748 1417 2819 apud
1430 2747 1528 2805 Sedena
1542 2749 1596 2804 sint
1608 2754 1755 2818 reservate,
1777 2747 1906 2804 nihilomi-

1142 2846 1193 2884 nus
1207 2831 1229 2883 si
1240 2829 1362 2886 Pontifex
1371 2829 1405 2886 de
1416 2831 1481 2903 illis,
1491 2831 1560 2886 intra
1568 2847 1689 2887 mensem
1699 2831 1907 2904 compntandum

1141 2927 1158 2968 a
1171 2912 1215 2968 dio
1229 2931 1283 2986 quo
1296 2912 1519 2983 secaverint,nen
1529 2915 1701 2987 disposuerit,
1711 2923 1829 2986 possunt
1838 2933 1908 2970 men·

1141 3009 1170 3052 ee
1185 2997 1274 3068 elopso
1288 2997 1324 3052 od
1338 2997 1480 3053 ordinariis
1495 2995 1665 3054 collatoribus
1679 2997 1808 3054 conferri.
1825 2999 1906 3054 lnhec

1140 3095 1202 3134 casu
1217 3081 1325 3154 proprie
1339 3097 1394 3136 non
1407 3081 1438 3136 fit
1452 3081 1588 3137 deuolutio
1603 3097 1618 3136 o
1636 3083 1768 3137 Pontifice
1788 3084 1823 3138 ad
1843 3084 1908 3138 ordi·
1997 3105 1998 3137 t

1140 3165 1257 3234 nerium,
1273 3181 1332 3236 quse
1346 3183 1362 3221 a
1375 3166 1513 3239 superiore
1526 3165 1561 3220 ed
1570 3165 1727 3222 inleriorem
1738 3169 1802 3222 lieri
1811 3169 1906 3239 nequit,

1140 3247 1187 3304 sed
1198 3250 1244 3320 jus
1258 3249 1386 3304 ordinarii
1402 3247 1587 3304 tantummodo
1602 3249 1753 3320 relaxatur,
1764 3267 1815 3306 seu
1830 3253 1909 3324 impe-

1140 3333 1291 3388 dimentum
1307 3335 1437 3406 injectum
1451 3335 1556 3404 tollitur
1561 3351 1571 3406 5
1581 3333 1636 3390 Van
1646 3335 1749 3407 Espen,
1760 3335 1812 3392 ,ιιι
1825 3339 1905 3393 coetu

1139 3417 1214 3473 uois.
1229 3425 1296 3490 part.
1313 3419 1347 3486 ll,
1362 3417 1414 3474 Tit.
1430 3419 1519 3488 lllllll,
1535 3435 1592 3491 cap.
1608 3435 1650 3490 ιιι,
1664 3435 1693 3474 n.
1709 3423 1739 3476 8.

1177 3505 1322 3570 «Quiestio
1342 3511 1431 3560 umen
1452 3513 1493 3561 est
1511 3507 1582 3560 inter
1601 3506 1735 3578 doctores,
1753 3509 1844 3582 inquit
1861 3511 1906 3564 tti-

1137 3591 1256 3662 gantius,
1270 3610 1304 3647 en
1318 3590 1455 3665 dispositio
1470 3591 1595 3647 recensiti
1609 3609 1667 3665 cop.
1682 3591 1824 3651 Stotutum
1836 3613 1906 3652 reeo-

1138 3681 1196 3730 cnta
1216 3675 1299 3732 luerit
1315 3693 1365 3750 per
1383 3687 1484 3734 extror.
1499 3675 1558 3732 Pie
1571 3676 1764 3738 eodhitudieie
1769 3701 1779 3754 3
1796 3681 1833 3738 De
1843 3699 1907 3756 pru-

1137 3758 1247 3816 dentiis?
1266 3764 1297 3818 Et
1317 3781 1371 3819 non
1389 3781 1447 3819 esse
1467 3771 1618 3820 revocatam
1631 3765 1745 3822 firment
1768 3769 1866 3824 AEnsas
1879 3769 1908 3823 de

1137 3845 1309 3918 Folconibus,
1323 3849 1448 3904 biessobr.
1465 3849 1567 3904 better.
1582 3855 1610 3904 et
1631 3849 1689 3920 ulii,
1712 3859 1742 3906 et
1757 3861 1908 3921 morentur,

1135 3931 1223 4002 primo
1241 3933 1305 4005 quia
1318 3929 1411 4006 plures
1433 3935 1525 3990 eximii
1548 3937 1665 3991 nominis
1687 3937 1820 3993 doctores
1842 3937 1907 3991 dieto

1136 4022 1212 4071 textu
1231 4023 1344 4074 utuntur
1362 4018 1396 4074 ad
1414 4021 1581 4094 prebendam
1601 4023 1811 4078 conclusionem
1833 4037 1907 4094 quam

1134 4097 1186 4172 ipsi
1202 4103 1320 4173 firmant,
1333 4105 1408 4176 quod
1429 4112 1489 4179 post
1507 4123 1628 4162 mensem
1646 4107 1784 4164 ordinarii
1803 4113 1907 4182 possum

1134 4185 1270 4260 conterre5
1286 4189 1405 4244 secundo
1418 4191 1646 4276 quin'Boniiacius
1656 4193 1716 4248 lllll
1726 4194 1818 4250 voluit
1832 4194 1907 4248 insen

1136 4275 1240 4327 textum
1254 4272 1333 4328 illum
1347 4274 1375 4327 in
1385 4274 1452 4330 libro
1463 4275 1542 4332 Sexto
1552 4275 1744 4347 decretalium,
1759 4286 1800 4348 et,
1810 4281 1834 4333 si
1844 4285 1908 4333 esset

1134 4355 1288 4430 abrogatus,
1313 4359 1396 4414 inseri
1419 4377 1473 4418 nen
1496 4361 1659 4430 mundasset,
1683 4369 1716 4416 ut
1744 4363 1815 4418 dicit
1838 4364 1905 4420 idem

1137 4442 1287 4500 bonifacius
1301 4445 1329 4500 in
1342 4447 1476 4503 Prooemio
1482 4465 1491 4520 5
1513 4451 1591 4504 tertio
1612 4450 1675 4521 quia
1690 4449 1766 4506 dicta
1787 4459 1906 4508 extrari-

1134 4544 1199 4599 gans
1214 4537 1254 4584 est
1269 4533 1391 4603 ejusdem
1410 4535 1549 4605 Roniieoii,
1570 4536 1704 4607 publicula
1727 4555 1803 4594 anno
1822 4541 1903 4612 primu

1132 4615 1173 4666 sui
1187 4617 1367 4688 pontificatus,
1383 4625 1410 4674 et
1423 4619 1519 4677 Sextus
1532 4623 1584 4676 fuit
1596 4622 1678 4694 longe
1692 4629 1793 4694 postea
1807 4629 1904 4698 compi·

1996 3193 1997 3239 t

1995 3295 1996 3339 t

1994 3379 1995 3441 l

1992 3473 1994 3544 l

309 4701 363 4767 gat.
379 4697 456 4764 ivn,
472 4717 500 4756 n,
518 4703 579 4772 180,
590 4704 628 4772 pet
644 4706 829 4778 respondendo
844 4709 984 4763 contrarii,
989 4725 998 4778 3
1014 4711 1077 4766 023.
1131 4697 1211 4770 lotus,
1227 4718 1323 4776 nempe
1339 4721 1408 4761 onno
1424 4708 1466 4763 lli.
1483 4707 1546 4765 ldeo
1562 4723 1625 4763 cunt
1639 4709 1731 4764 inhoc
1742 4711 1819 4766 libro
1832 4711 1902 4768 Sexto

308 4783 404 4852 tropnl.
421 4785 496 4858 Opes.
511 4787 602 4844 morel.
613 4791 688 4846 lom.
705 4791 738 4860 ll,
754 4797 829 4847 troct.
844 4790 911 4862 lllll,
926 4791 1025 4864 disput.
1042 4795 1076 4864 11,
1131 4783 1225 4841 eadem
1245 4794 1416 4864 extravagens
1435 4793 1535 4850 inserta
1554 4809 1608 4848 non
1632 4797 1802 4867 reperiatur,
1817 4797 1902 4853 dioen-
1968 4828 1974 4841 ·

307 4871 399 4935 punct.
415 4871 449 4926 22
465 4889 492 4927 n.
512 4875 539 4943 8,
560 4873 607 4930 ubi
625 4875 663 4931 ait
681 4875 754 4948 quod
768 4877 825 4933 iere
839 4878 930 4932 omnia
945 4877 1076 4934 beneficio
1130 4865 1196 4922 dum
1210 4871 1282 4942 quod
1297 4875 1448 4932 bonifacius
1462 4878 1550 4933 noluit
1564 4895 1624 4934 eam
1642 4881 1800 4950 observari,
1820 4879 1901 4952 qnod·

306 4955 395 5003 curata
409 4959 471 5008 sunt
485 4958 677 5024 monoculnrio,
698 4964 726 5014 et
746 4960 870 5032 proinde,
886 4962 908 5016 si
926 4959 984 5016 baec
1001 4979 1075 5019 ure-
1130 4969 1183 5024 (luo
1197 4959 1287 5027 P0litt⁸
1301 4965 1388 5016 textus
1408 4979 1466 5035 cup·
1487 4963 1630 5033 Stututum,
1645 4980 1732 5036 quem
1759 4967 1790 5021 ιιι
1813 4964 1899 5022 eodem

304 5035 454 5092 serrotione
473 5047 564 5096 essem
591 5043 732 5114 immunia,
751 5045 870 5100 multum
888 5046 1076 5103 demeretur
1129 5037 1199 5094 libro
1213 5045 1338 5117 inseruit,
1354 5063 1433 5104 suum
1449 5049 1558 5105 deberet
1572 5051 1695 5106 obtinere
1710 5053 1853 5124 vigorem.

303 5125 401 5173 nostre
414 5123 527 5194 regule.
543 5124 743 5197 (Commentario
763 5130 792 5185 ιιι
810 5128 926 5202 repulus,
944 5131 1074 5190 constitu-
1162 5125 1246 5182 Addit
1272 5131 1354 5186 etiam
1382 5133 1484 5192 better.
1513 5133 1550 5191 he
1584 5151 1612 5190 re
1635 5135 1756 5208 benefic
1788 5139 1839 5196 lib.
1865 5137 1895 5204 tt,

303 5197 385 5256 te'ooee
411 5210 436 5258 et
462 5198 637 5267 ordinationes
658 5211 826 5280 ‚coemite
854 5215 1017 5288 apostolice:
1045 5219 1073 5273 in
1128 5217 1222 5278 quest.
1242 5212 1316 5276 XXV.
1334 5231 1361 5270 n.
1378 5219 1422 5284 55,
1438 5219 1571 5274 rationem
1586 5235 1683 5292 nempe
1702 5221 1785 5292 quod
1800 5228 1892 5276 eruut.

301 5283 383 5352 prim.
398 5295 501 5358 portem
516 5293 616 5365 regula
633 5295 675 5364 lx,
689 5297 705 5369 ξ
720 5297 754 5365 11,
769 5315 796 5356 ῃ,
815 5300 887 5373 1³5.)
903 5321 917 5356 ,
1126 5290 1183 5347 Pto
1197 5295 1382 5356 solticitudiot'e
1398 5320 1451 5358 non
1464 5303 1529 5357 dicit
1548 5303 1577 5359 id
1592 5305 1627 5360 ud
1649 5307 1726 5376 quod
1751 5307 1890 5380 alloquor,

336 5371 463 5428 stenen
475 5374 549 5432 idem
563 5385 666 5448 auctor,
682 5383 815 5440 disserens
825 5386 859 5442 de
869 5387 965 5459 regule
977 5395 1072 5460 quarto
1125 5395 1188 5435 nom
1208 5385 1247 5439 nil
1265 5385 1338 5442 uliud
1356 5389 1437 5445 hobel
1454 5405 1536 5462 quom
1554 5391 1627 5463 quod
1646 5391 1817 5460 Btnifofliuss
1838 5391 1888 5462 quie

299 5448 351 5522 ἐι,
367 5470 396 5512 ι.
412 5459 442 5514 ιι
461 5465 488 5515 et
502 5461 547 5534 tr,
562 5465 601 5520 sie
614 5465 746 5542 loquitur;
766 5469 948 5530 «Redeundo
967 5473 1001 5532 ed
1022 5491 1068 5534 re·
1124 5472 1260 5542 “lugebat
1278 5479 1308 5530 ut
1326 5473 1456 5533 beneflcio
1476 5478 1594 5532 temti&
1613 5475 1687 5550 opud
1708 5477 1816 5534 sedem
1835 5489 1886 5546 W
