4064 6062
339 323 397 382 161
651 316 723 378 LlB.
749 315 787 378 11.
807 313 1015 378 DECRETAL.
1037 315 1109 378 utu.
1131 315 1233 379 XXIV.
1256 317 1307 377 DE
1326 313 1607 380 JUREJURANDO.

338 450 450 513 deterat.
465 481 506 496 -
520 448 647 510 Accedit
659 448 750 524 ratio,
769 450 836 509 tum
851 445 924 527 quia
947 447 1060 510 uiraus
1075 455 1106 511 et
1160 449 1301 510 missorio
1315 447 1419 522 tacite,
1445 467 1482 510 ac
1504 449 1570 528 ipso
1590 448 1662 528 jure
1685 449 1800 521 insunt,
1823 447 1926 508 Prima

339 543 429 605 dolus
443 541 533 604 alicui
547 541 733 622 patrocinari
747 559 811 602 nou
825 541 951 614 debent,
967 563 981 601 u
1000 541 1044 604 uti
1060 542 1108 603 di·
1160 547 1225 606 est:
1248 542 1307 605 «si
1321 549 1441 624 potero.
1457 565 1471 602 u
1491 543 1564 622 quia
1577 543 1618 604 ad
1631 540 1819 621 impossibile
1834 559 1926 602 nemo

338 636 418 697 citur
431 654 458 698 c.
474 635 562 698 Sedes
576 639 625 698 15.
642 642 672 698 et
686 654 713 698 c.
729 633 784 696 Es
797 643 906 696 tenore.
923 637 972 696 16.
988 633 1022 697 de
1035 634 1106 698 Res·
1159 642 1293 710 tenetur,
1309 636 1394 715 juxta
1407 654 1473 718 reg.
1489 639 1519 698 6.
1534 636 1613 716 juris
1626 637 1659 696 in
1673 639 1703 698 6.
1723 638 1824 716 Atque
1844 635 1926 696 istud

338 725 426 808 cept.
436 745 450 804 ,·
466 732 530 789 tum
544 726 618 806 quia
643 743 734 787 onon
753 725 846 787 debet
859 726 947 786 alteri
961 745 1017 805 per
1029 727 1107 788 alte·
1159 727 1299 809 procedit
1312 728 1351 790 de
1366 727 1505 807 quolibet
1518 725 1713 808 impossibili,
1729 727 1793 788 sive
1810 727 1852 789 sit
1869 727 1928 788 im-

338 837 408 882 rum
422 819 531 900 iniqua
543 819 679 883 conditio
694 818 809 894 inferri,
826 839 841 878 o
863 822 956 898 prout
973 819 1106 883 habetur
1159 819 1309 901 possibile¹
1323 823 1387 884 ude
1399 824 1508 902 jura»
1528 823 1613 902 (quia
1624 822 1769 884 nimirum
1783 821 1926 898 honeste,

337 913 360 976 1.
375 913 443 976 Noc
461 911 551 976 debet.
568 911 601 976 ff.
623 912 659 975 de
678 913 750 994 Rep.
767 911 836 993 jor.
859 915 952 993 prout
965 913 1063 988 fieret,
1079 913 1105 974 si
1159 923 1190 979 ot
1204 915 1375 978 secundum
1397 915 1497 977 bonos
1511 933 1615 977 mores
1634 915 1702 977 fieri
1726 934 1791 978 non
1812 917 1928 996 potest)

338 1005 547 1084 jurameutum
576 1005 718 1068 dolosum
740 1006 995 1086 interpretaretur
1018 1006 1106 1086 juxta
1160 1009 1223 1072 sive
1239 1009 1277 1070 sit
1291 1008 1479 1090 impossibile
1496 1008 1660 1088 odefaoto,
1673 1031 1688 1067 o
1703 1008 1929 1090 quiavidelicet

338 1107 476 1163 mentem
490 1100 685 1182 proterentis,
696 1101 728 1160 et
737 1099 893 1178 nonjuxta
903 1099 1106 1161 intentionem
1160 1103 1341 1166 naturaliter
1353 1101 1421 1164 fleri
1439 1120 1502 1165 non
1522 1109 1635 1182 potest,
1657 1103 1706 1164 vel
1718 1099 1838 1164 'saltem
1853 1120 1929 1162 non·

338 1210 510 1274 sanumque
518 1194 709 1257 intellectum
719 1191 907 1272 recipientis,
917 1193 965 1254 cui
970 1193 1102 1273 juratur.
1158 1196 1217 1258 nisi
1240 1195 1437 1268 difficillime;
1463 1203 1554 1275 prout
1578 1197 1658 1256 banc
1685 1193 1929 1273 «impotentiam

337 1285 480 1358 Ouiuimo
504 1288 529 1349 si
552 1305 641 1349 secus
665 1286 876 1365 contingeret,
901 1291 975 1347 tunc
998 1282 1105 1346 dolose
1159 1288 1260 1352 saco»
1283 1290 1416 1370 explicat
1434 1291 1572 1370 Layman
1594 1308 1621 1352 c.
1645 1287 1824 1354 Satrium.
1848 1305 1881 1348 u.
1899 1291 1926 1348 l.

334 1380 460 1460 jurans,
477 1387 634 1444 teneretur
647 1399 686 1444 ex
700 1379 812 1442 virtuto
822 1377 952 1458 justitia
967 1394 1023 1456 pro
1038 1376 1105 1437 loro
1159 1381 1193 1445 de
1206 1383 1350 1467 Rescripa
1367 1391 1398 1447 et
1411 1384 1532 1446 (lobath
1547 1390 1633 1446 tract,
1650 1385 1700 1446 xl,
1725 1381 1858 1463 Theolop.
1875 1400 1927 1442 ex-

338 1474 545 1544 couscientiae‚
561 1475 655 1538 etiam
669 1480 740 1536 ante
755 1471 847 1534 aliam
862 1469 1106 1548 sententiamiu·
1157 1477 1309 1560 perirnmt.
1332 1497 1363 1540 n.
1388 1481 1457 1540 196.
1483 1481 1554 1558 post
1576 1477 1726 1539 Peclrium
1747 1477 1780 1537 in
1802 1493 1871 1554 reg.
1897 1477 1927 1536 o.

337 1569 425 1644 dicis,
441 1569 481 1631 ad
491 1567 720 1632 refundendum
735 1585 827 1629 omne
842 1565 991 1627 damnum
1003 1561 1103 1638 alteri,
1156 1569 1218 1647 J'ur.
1241 1568 1273 1629 in
1295 1573 1325 1632 6.
1350 1571 1418 1632 Huc
1440 1569 1547 1632 reterri
1567 1576 1670 1652 potest
1690 1567 1742 1629 illa
1765 1565 1927 1627 conditio:

337 1680 431 1742 quem
452 1682 509 1725 suo
534 1662 642 1725 doloso
661 1662 839 1742 juramento
859 1658 990 1737 decepit,
1011 1659 1104 1736 atque
1164 1663 1224 1724 «si
1238 1663 1302 1724 Deo
1323 1664 1495 1743 placuerit;
1517 1663 1542 1725 si
1561 1667 1670 1744 potero
1687 1662 1770 1724 licite
1787 1679 1826 1720 :c
1852 1659 1929 1739 quia

337 1756 556 1820 damnificavit.
579 1755 776 1820 concordant
795 1751 925 1818 dicenda
945 1749 1105 1830 interius§
1154 1755 1368 1835 juramentum
1382 1775 1444 1817 uon
1459 1763 1506 1820 est
1519 1757 1677 1819 vinculum
1696 1753 1880 1836 iniquitatis,
1898 1773 1926 1814 o.

243 1901 247 1916 ..
338 1853 539 1932 sompnii).
711 1833 726 1860 “
1159 1847 1273 1924 Ormmo
1288 1851 1336 1924 18,
1351 1849 1384 1910 h.
1400 1854 1422 1910 t.
1440 1855 1471 1910 et
1484 1865 1553 1928 cap.
1569 1864 1591 1909 1.
1608 1847 1679 1909 eod.
1696 1846 1729 1907 in
1742 1849 1773 1908 o.
1793 1863 1868 1907 cum
1887 1844 1929 1904 si-

376 1951 425 2010 50.
458 1946 495 2009 In
513 1945 680 2029 juramento
701 1942 852 2022 paratorio
874 1939 958 2002 nulla
980 1937 1104 2002 conditio
1157 1941 1284 2004 milibus
1299 1960 1306 2001 :
1323 1959 1398 2002 nam
1419 1959 1488 2020 qna
1509 1946 1581 2002 sunt
1601 1939 1716 2012 illicita,
1736 1940 1800 1999 sive
1820 1937 1930 2018 displi-

334 2037 572 2122 mtinteltipitnr.
585 2071 625 2085 —
634 2037 786 2110 Quaeritur
800 2037 848 2098 tlt.
861 2033 1010 2105 Ouaenam
1033 2050 1105 2094 con·
1158 2043 1240 2113 cent,
1256 2037 1386 2098 Domino
1401 2037 1477 2112 Deo,
1493 2040 1660 2098 censentur
1673 2034 1713 2097 de
1724 2033 1795 2114 jure
1809 2031 1928 2112 impos·

335 2131 467 2196 ditiones
486 2130 580 2194 tacite
601 2130 704 2194 inesse
722 2134 908 2192 censeantur
924 2128 1103 2208 juramento
1158 2130 1269 2193 sibilia.

334 2225 533 2308 promissorio
544 2230 557 2288 t
570 2227 608 2287 Et
622 2224 745 2286 additur
759 2225 905 2284 notanter
917 2239 924 2294 ;
948 2219 1105 2298 opromis-
1197 2228 1247 2288 53,
1269 2224 1315 2288 11,
1330 2223 1422 2288 Salvo
1428 2223 1511 2306 jure,
1527 2231 1555 2286 et
1568 2221 1740 2284 auctoritate
1752 2219 1923 2303 superior-b.

335 2319 417 2380 sorio
435 2338 473 2380 :o
499 2317 651 2398 siquidem
672 2316 705 2378 in
721 2315 900 2395 juramento
922 2311 1100 2390 assertorio,
1155 2351 1197 2376 .-
1210 2319 1353 2382 secunda
1369 2322 1426 2382 ast.
1452 2317 1665 2398 «Salonium,
1688 2321 1719 2379 et
1739 2317 1927 2378 auctoritate

334 2415 440 2492 utpote
455 2412 563 2491 inquo
584 2409 713 2492 precise
734 2407 852 2490 aliquid
872 2407 1032 2480 asseritur,
1054 2405 1103 2466 val
1158 2411 1486 2494 superbissumae
1506 2410 1574 2471 hac
1596 2407 1730 2473 conditio
1752 2406 1929 2469 desumitur

334 2513 465 2589 negatur
478 2524 548 2568 esse
562 2523 682 2580 verum,
702 2503 787 2564 nulla
802 2501 938 2565 conditio
953 2500 1101 2562 subintel·
1148 2491 1413 2572 010,'Vem'emeg,
1431 2509 1479 2570 19,
1495 2505 1527 2566 h,
1543 2509 1566 2567 t,
1582 2503 1625 2564 ihi
1644 2521 1650 2563 ;
1676 2503 1783 2563 <tcum
1795 2500 1929 2581 pfaedic.

332 2600 437 2680 ligitur
453 2619 460 2660 :
476 2617 548 2661 cum
565 2596 671 2660 tietdo
692 2614 726 2657 re
746 2593 902 2675 praesentt,
921 2593 971 2656 vel
990 2599 1103 2674 praete·
1156 2607 1223 2666 tum
1234 2603 1447 2682 juramentum
1460 2617 1516 2660 vos
1530 2611 1680 2660 excusare
1693 2611 1756 2655 uon
1770 2594 1882 2674 possit,
1895 2593 1926 2653 in

333 2694 403 2773 n'ta,
427 2693 568 2772 adeoque
591 2691 630 2754 sit
652 2690 691 2752 de
714 2688 845 2769 simplici
866 2687 1007 2766 witolfi,
1031 2704 1101 2766 (11¹oe
1156 2715 1218 2778 quo
1233 2696 1328 2758 debet
1341 2693 1469 2774 intelligi
1477 2694 1530 2772 jus
1540 2688 1707 2772 superioris
1718 2692 1924 2770 exceptums

333 2785 470 2849 consistit
483 2786 514 2846 in
529 2786 589 2846 hoe
602 2783 686 2862 cuod
703 2782 813 2861 turam
833 2779 916 2841 tona
939 2778 999 2839 fide
1021 2777 1103 2840 arbi·
1156 2789 1339 2852 concordat.
1360 2807 1388 2850 ο.
1409 2787 1459 2850 na
1479 2793 1514 2849 te.
1535 2789 1584 2848 aa.
1605 2785 1637 2846 ι.
1658 2790 1681 2845 ι.
1704 2781 1757 2844 uu
1771 2781 1927 2853 illicitum,

332 2886 430 2944 uretur
449 2897 518 2942 esso
540 2895 649 2940 verum
670 2875 702 2936 id
722 2874 806 2955 quod
824 2873 883 2934 sub
900 2869 1101 2952 jurejurando
1155 2901 1213 2944 nec
1227 2881 1414 2944 servandum
1429 2885 1574 2942 censetur
1590 2879 1815 2959 juramentum,
1839 2873 1927 2954 quod

334 2975 477 3036 affirmat.
494 2975 533 3035 At
548 2990 621 3034 vero
644 2971 675 3030 in
692 2969 872 3049 juramento
887 2967 1098 3046 promissorio,
1155 2975 1241 3036 salvo
1255 2972 1431 3053 apostolicae
1446 2969 1534 3038 Sedis
1543 2970 1663 3032 honore
1674 2968 1789 3029 servari
1798 2967 1924 3046 nequit.
2020 3013 2021 3023 ,

333 3070 440 3146 utpote
455 3084 516 3146 quo
527 3063 640 3143 aliquid
652 3060 870 3143 promittimus,
882 3059 997 3138 duplex
1006 3060 1102 3123 debet
1153 3066 1243 3129 Unde
1256 3067 1288 3128 in
1302 3064 1393 3126 simili
1408 3083 1435 3128 c.
1452 3063 1522 3127 Non
1535 3071 1587 3125 est.
1602 3065 1633 3124 5.
1650 3060 1687 3122 de
1699 3059 1779 3123 Toto.
1790 3059 1927 3121 dicitur:
2019 3118 2020 3133 ,

333 3161 520 3224 intervenire
535 3158 648 3221 ueritas
666 3175 673 3216 :
690 3173 754 3217 una
767 3151 960 3228 intentionis,
977 3170 1034 3215 seu
1047 3173 1100 3216 ve·
1158 3184 1174 3222 a
1195 3163 1263 3223 Non
1287 3166 1335 3223 est
1356 3159 1418 3222 voti
1442 3157 1591 3220 dicendus
1614 3161 1847 3237 transgressor,
1875 3154 1928 3232 qui
2018 3215 2019 3245 ,

332 3256 408 3318 ritas
422 3253 505 3331 dicti,
531 3249 673 3314 etaltera
688 3245 889 3324 executionis,
912 3263 968 3308 seu
987 3246 1100 3310 veritas
1154 3254 1239 3334 quod
1251 3253 1346 3332 vovit,
1367 3249 1551 3314 auctoritate
1566 3249 1654 3312 Sedis
1669 3247 1846 3329 apostolicae
1863 3245 1928 3306 dis-

333 3349 404 3412 lacti
420 3366 428 3410 :
445 3354 479 3408 nt
492 3344 634 3408 uidelicet
648 3342 734 3417 illud,
750 3341 836 3420 quod
850 3339 908 3403 sub
920 3341 1099 3420 juramento
1154 3347 1224 3409 tulit
1244 3345 1414 3425 adimplere
1439 3365 1448 3409 ι
1472 3363 1487 3403 o
1514 3343 1587 3423 qnia
1610 3341 1768 3414 nimirum,
1793 3339 1820 3400 si
1839 3338 1930 3418 justa

332 3438 551 3520 promittimus,
567 3455 630 3499 uon
645 3435 746 3498 solum
755 3434 796 3494 ab
805 3433 891 3495 initio
902 3434 1100 3498 intendamus
1154 3459 1247 3502 causa
1262 3439 1371 3512 subsit,
1388 3443 1490 3518 potest
1501 3437 1533 3498 in
1543 3433 1928 3515 votisPapadtspensare;

332 3533 524 3613 adimplere;
540 3531 596 3594 sed
615 3526 814 3611 postmodum
832 3527 937 3607 etiam,
959 3535 1099 3593 cessante
1153 3537 1246 3614 prout
1260 3536 1345 3593 notat
1360 3531 1467 3593 Glossa
1480 3528 1556 3590 ibid.
1574 3533 1605 3606 γ.
1622 3524 1812 3589 Auctoritate.

328 3627 413 3706 justa
437 3645 531 3690 causa
555 3627 733 3696 excusante,
758 3640 853 3701 opere
874 3624 1097 3702 compleamus,
1194 3631 1242 3688 51.
1265 3625 1326 3689 III.
1343 3624 1382 3688 Si
1393 3623 1489 3685 conis
1506 3628 1607 3704 sponte
1619 3619 1772 3692 renuere,
1787 3618 1819 3679 in
1842 3617 1931 3700 cujum

332 3739 372 3782 ne
398 3719 571 3802 perjurium
598 3717 804 3794 incurramus,
833 3723 866 3780 ut
889 3717 956 3796 jam
984 3715 1100 3778 dietum
1153 3719 1428 3802 socoremjorotam
1448 3726 1498 3780 est.
1522 3715 1618 3779 Invito
1640 3713 1773 3796 beneficio
1792 3732 1850 3775 noo
1872 3713 1930 3774 tri-

332 3831 426 3894 supra
440 3832 472 3874 n.
488 3817 518 3876 6.
534 3815 599 3876 Hoc
614 3817 787 3894 praenotato
804 3831 812 3874 τ
1155 3816 1261 3878 buitur.
1273 3815 1435 3886 -Tertia,
1447 3819 1478 3874 et
1493 3811 1523 3871 in
1534 3799 1716 3890 juramento
1723 3807 1930 3887 promissorio

370 3911 420 3970 51.
432 3907 469 3971 In
471 3912 644 3990 juramento
654 3915 750 3970 tomen
757 3905 955 3990 promissorio,
967 3905 1101 3988 quumvis
1153 3910 1245 3973 tacite
1261 3907 1475 3971 subintellecta
1489 3903 1625 3968 conditio
1644 3910 1691 3965 est
1707 3921 1715 3963 :
1740 3902 1800 3964 «si
1816 3921 1883 3964 non
1904 3902 1930 3962 is

330 3998 458 4061 obsolute
477 3987 565 4081 sacto,
586 3997 719 4082 qondam
740 4000 823 4062 mette
841 3997 1101 4080 subintellipuotur
1154 4011 1262 4083 sponte
1283 4001 1435 4064 remiserit
1457 4001 1490 4062 in
1513 3998 1602 4077 cujus
1624 3995 1763 4057 lusorem
1782 3994 1929 4075 juratum

330 4093 518 4156 conditiones·
533 4124 573 4140 -
595 4094 730 4171 Resp.1·
756 4085 789 4152 hi
814 4091 898 4152 omni
917 4091 1098 4170 juramento
1153 4103 1217 4168 est;
1235 4116 1251 4155 n
1269 4099 1336 4158 tum
1351 4095 1423 4174 quia
1442 4114 1456 4152 u
1470 4091 1565 4153 invito
1578 4088 1767 4152 beneficium
1784 4106 1849 4150 noo
1869 4089 1927 4150 tri-

330 4184 540 4266 promissorio,
552 4185 692 4266 quamvis
702 4183 944 4260 absolutefaoto‚
955 4183 1097 4265 quadam
1152 4188 1268 4266 buitur,
1285 4209 1299 4246 u
1315 4187 1403 4266 juxta
1418 4192 1537 4248 textum
1550 4183 1583 4244 in
1595 4183 1617 4244 l.
1634 4181 1740 4244 Invito.
1752 4180 1786 4244 n.
1798 4179 1834 4243 de
1850 4181 1927 4261 Rep.

329 4280 431 4344 tacitae
446 4278 720 4360 subintelliguntur
734 4278 936 4340 conditiones.
948 4279 993 4338 Ita
1008 4276 1098 4340 deso·
1151 4281 1213 4363 jur.
1230 4281 1409 4362 Requiritur
1423 4279 1505 4340 enim
1525 4277 1593 4357 ejus
1611 4275 1794 4354 acceptatio,
1816 4275 1837 4336 1.
1861 4274 1928 4337 At-

329 4374 423 4436 mitur
437 4393 475 4435 ex
489 4394 517 4438 c.
535 4371 789 4451 Quemadmodum.
806 4375 855 4436 25.
871 4373 889 4452 ἓ
904 4376 932 4435 l.
949 4371 982 4433 b.
994 4377 1016 4434 t.
1034 4371 1095 4432 ibi:
1151 4375 1234 4437 senti.
1252 4375 1283 4436 u.
1302 4373 1336 4437 de
1349 4371 1506 4436 Donatioo.
1517 4389 1532 4449 ,·
1549 4378 1616 4432 tum
1634 4368 1709 4449 quia
1722 4367 1855 4447 quilibet
1870 4387 1930 4428 suo

334 4468 429 4529 «Non
450 4469 592 4530 obstante
615 4467 793 4547 hujusmodi
810 4467 1002 4546 juramento,
1022 4483 1099 4545 quo·
1148 4468 1211 4548 juri
1225 4466 1405 4530 renuntiare
1421 4469 1532 4546 potest,
1549 4483 1577 4526 c.
1595 4460 1633 4524 Si
1640 4459 1832 4544 diligendae
1849 4459 1931 4520 Foro

328 4559 496 4624 niamineo
506 4559 1091 4642 taliseratsubintelligendaoonditio:u
1151 4569 1272 4642 compet.
1288 4577 1326 4622 ao
1341 4557 1470 4640 proinde
1484 4559 1587 4637 potest
1604 4572 1682 4629 rem,
1705 4553 1735 4612 vi
1751 4551 1928 4632 juramenti

326 4671 364 4716 ac
378 4659 465 4716 notat
478 4655 585 4716 Glossa
600 4659 632 4734 1.
650 4651 797 4717 conditio.
814 4658 846 4716 et
864 4652 970 4714 Abbas
989 4652 1063 4716 ibid.
1078 4653 1097 4733 §
1150 4655 1208 4717 sibi
1223 4654 1370 4730 debitam,
1390 4651 1478 4713 alteri
1492 4649 1661 4721 remittere,
1687 4651 1718 4708 et
1730 4643 1927 4705 condonare.

326 4745 408 4810 Illud
428 4755 533 4814 autom
559 4769 590 4812 n.
620 4753 658 4824 83
683 4749 821 4830 baymau
844 4748 898 4811 lib.
922 4749 972 4810 [v.
997 4746 1092 4810 Theoi.
1189 4752 1239 4811 55.
1260 4747 1465 4809 loramentum
1479 4745 1511 4806 to
1524 4743 1654 4824 favorem
1672 4737 1796 4802 homim's
1809 4736 1929 4817 somma

325 4841 428 4904 necrol.
451 4845 540 4905 tract.
563 4845 612 4905 111.
637 4861 706 4922 cap.
728 4861 769 4906 ιι.
793 4863 825 4905 n.
841 4843 877 4916 1;
894 4842 1050 4922 sylvester
1064 4845 1092 4922 t.
1149 4839 1227 4904 Deus
1240 4859 1297 4902 om
1310 4845 1449 4921 occeptat,
1473 4837 1533 4898 nisi
1544 4837 1576 4897 m
1594 4833 1694 4899 ordine
1706 4830 1747 4894 ad
1765 4831 1926 4892 tantm.

322 4937 535 4999 loramentum.
551 4940 582 4998 3.
599 4941 655 5014 q.l
673 4955 681 5008 ;
697 4937 824 5018 Pirbing
838 4937 869 4998 b.
887 4943 910 4999 t.
927 4955 958 4998 n.
977 4940 1044 5000 119.
1062 4941 1095 4997 et
1148 4971 1189 4985 -
1201 4937 1264 4997 Nec
1279 4932 1381 4995 obstat
1393 4931 1502 5012 religio
1513 4928 1694 5011 juramenti,
1717 4929 1813 5004 atque
1832 4941 1928 4985 reve·

312 5029 431 5091 etalii.
453 5029 550 5108 quue
574 5028 705 5108 amplius
726 5030 844 5110 patebit
866 5027 905 5091 eri
932 5028 1111 5104 dicendis;'
1148 5030 1248 5092 rontia
1261 5028 1400 5108 peuejus
1415 5023 1647 5088 observantiam
1656 5017 1926 5083 Deoexbibenda.

323 5122 431 5185 undo:
1146 5123 1239 5202 Resp.
1263 5121 1359 5195 enim,
1382 5119 1465 5182 istud
1488 5116 1671 5196 neutiquam
1694 5111 1820 5174 obstaoe
1846 5127 1929 5191 proe-

361 5219 410 5278 52.
433 5215 545 5298 Nempe
557 5214 584 5276 I.
600 5212 639 5275 Si
651 5219 748 5294 potero
759 5232 773 5290 ,·
787 5213 885 5290 uel‚si
902 5213 960 5278 Deo
974 5215 1091 5297 placue—
1146 5218 1248 5279 missae
1270 5213 1438 5278 conditioni
1455 5230 1461 5274 :
1486 5210 1638 5292 siquidem
1654 5210 1875 5288 juramentum
1892 5204 1926 5264 in

320 5310 370 5372 rit.
387 5308 439 5371 Act
454 5306 627 5390 impossibile
639 5327 720 5368 nemo
734 5315 871 5385 tenetcr;
884 5315 912 5371 et
926 5307 977 5370 boo
991 5309 1088 5392 quoti·
1145 5309 1282 5371 latorem
1297 5307 1430 5369 bominis
1444 5305 1562 5368 iactum
1574 5305 1658 5365 Deus
1676 5319 1740 5364 uon
1760 5299 1854 5361 aliter
1874 5315 1926 5358 ac-

321 5397 616 5483 teaiotellipeodum?
629 5403 769 5484 -Resp
786 5403 821 5465 11.
836 5403 922 5464 Inter
935 5403 1089 5482 ejusmodi
1144 5410 1256 5485 ceptam,
1271 5403 1331 5463 nisi
1345 5402 1377 5463 in
1392 5402 1499 5464 ordine
1517 5400 1558 5463 ad
1580 5397 1750 5470 bominem,
1774 5394 1807 5456 in
1830 5393 1927 5473 cujus

319 5493 531 5571 conditiones,
557 5511 627 5573 quas
650 5493 792 5557 videlicet
811 5495 990 5576 juramento
1014 5515 1088 5576 pro-
1141 5497 1305 5560 utilitatem
1320 5496 1420 5571 cedit3
1443 5493 1581 5575 alioquin
1599 5490 1925 5569 enimjurameutnm
