4080 6064
295 291 423 374 §XVIL
450 293 502 356 DE
521 289 819 358 EXCEPTIONIBUS
840 295 991 360 CONTRA
1011 295 1152 360 TESTES
1172 297 1447 376 Puorouuuuls,
1475 299 1556 364 E'PC.
1677 303 1716 364 69

138 426 190 498 tie,
213 432 324 508 pestes
345 444 410 489 nen
432 426 566 505 emplius
588 426 651 490 sint
669 417 844 510 reperiendi
867 429 898 490 in
952 428 1023 510 §Si
1039 431 1104 512 pure
1126 430 1252 494 testibus.
1276 437 1308 496 l.
1333 451 1365 514 q.
1389 436 1419 496 3.
1443 452 1506 514 quo
1528 441 1660 518 utreque
1683 437 1714 499 in
1779 415 1785 424 ⁸

138 521 196 583 llne
209 519 290 584 litis:
310 527 344 584 ut
356 522 429 602 quie
443 523 517 585 sunt
534 539 636 597 senes,
656 521 781 601 infirmi,
800 523 849 585 vel
867 523 900 584 iu
951 523 1020 586 loen
1036 524 1078 585 sie
1091 523 1222 603 legitur:
1244 525 1304 588 «sl
1318 527 1386 606 quis
1400 529 1531 591 testibus
1550 548 1625 592 usus
1647 530 1715 593 iue-

138 615 427 696 temetesregioues
440 615 567 677 abituri:
580 615 747 678 luneenim
760 617 899 697 exceptio
952 618 1000 694 rit,
1023 619 1179 698 iidemque
1201 622 1295 682 testes
1318 621 1349 681 in
1371 619 1431 681 elio
1454 621 1568 698 iudicio
1592 615 1659 702 ¹(seu
1682 623 1714 686 iu

138 717 241 774 eenlm
270 719 365 776 testes
392 712 534 792 opposite
560 729 624 772 non
656 715 834 774 reservetur
867 713 898 772 in
952 711 1013 772 ulie
1030 711 1094 790 lite)
1115 712 1336 790 producantur,
1354 731 1420 774 nen
1439 713 1546 779 licebit
1563 717 1591 779 ei
1608 735 1714 799 perse-

137 805 228 867 dnem
240 805 314 878 litis,
331 806 387 868 sed
400 806 530 886 impedit
543 821 675 866 examen
692 805 827 882 testium,
843 805 900 868 dn-
952 821 1009 866 nes
1023 821 1131 866 eorum
1149 803 1310 884 excipere:
1331 805 1389 867 nisi
1409 807 1588 882 ostenderit,
1612 809 1715 871 inimi-

137 900 244 961 neede
259 917 296 962 ee
318 905 532 978 eegnuseetnr.
556 899 647 962 lesu.
674 899 815 962 Andreas
836 899 896 964 loe.
952 895 1040 958 eitius
1053 897 1181 959 interne
1204 904 1235 960 et
1256 899 1325 960 illes
1346 905 1453 980 pesten
1477 901 1652 978 emersisse,
1675 921 1734 986 ex,

137 993 184 1056 eit.
200 1013 233 1054 ιι.
250 995 307 1066 {63
334 1001 365 1056 et
387 994 492 1056 Abbss
513 993 545 1054 d.
568 1009 601 1054 n.
625 995 664 1067 83
689 993 819 1054 Seeinus
845 991 896 1054 eit.
953 989 1064 1068 quibus
1077 994 1172 1054 testes
1185 990 1292 1071 repelli
1305 992 1393 1074 leges
1406 995 1630 1077 precipiunt»
1650 1001 1712 1061 ete.

137 1103 198 1164 reg.
215 1087 472 1160 temulente,
489 1087 896 1168 Farinseiusd.qnaeet.62.
951 1083 1092 1147 Haeeibi.
1523 1083 1526 1090 ’
1607 1084 1610 1090 ’

137 1199 166 1241 n.
181 1183 249 1244 363.
269 1183 408 1264 ellegere
422 1183 508 1247 ulios.
991 1181 1061 1242 549.
1076 1177 1208 1241 Etiamsi
1223 1179 1284 1261 ipse
1305 1189 1402 1262 postea
1424 1201 1492 1244 uene
1513 1201 1571 1246 uon
1590 1184 1655 1247 eim.
1674 1217 1714 1232 -

173 1277 241 1336 ete.
258 1273 298 1335 In
311 1273 555 1354 arbitriejudieri
572 1283 616 1336 est
632 1273 771 1356 peritum,
794 1289 897 1354 exeep-
951 1270 989 1332 ut
1003 1272 1144 1349 quemme
1157 1271 1309 1353 allegatus
1324 1269 1617 1355 textuslequeturiu
1627 1295 1712 1354 casu,

138 1367 222 1430 utne
236 1368 353 1431 testium
367 1369 467 1430 stetim
479 1367 630 1431 admittere
641 1367 682 1430 ed
702 1365 897 1448 protundum,
952 1383 1013 1445 que
1032 1385 1047 1422 e
1061 1366 1129 1444 quis
1143 1366 1273 1428 testibus
1286 1386 1362 1428 unns
1376 1368 1466 1432 luerit
1484 1389 1491 1433 :
1507 1393 1521 1431 ιι
1539 1371 1599 1434 hoe
1613 1374 1715 1454 ipsum

139 1459 180 1522 eet
188 1479 292 1522 eurum
306 1461 507 1525 detuoem'enem
520 1461 711 1524 reservarem
723 1460 811 1542 finem
825 1458 895 1522 tim.
952 1463 1056 1519 umen
1070 1464 1198 1520 censent
1210 1456 1354 1520 docteres
1369 1477 1436 1523 esse
1446 1461 1611 1525 dieendnm
1622 1466 1716 1528 etium

139 1551 258 1616 linter-ia
271 1554 311 1618 de
324 1555 442 1618 testibus
458 1555 583 1617 multum
602 1565 645 1618 eet
664 1555 834 1617 arbitrer-re.
859 1585 899 1602 -
951 1552 1036 1626 tune,
1061 1551 1186 1631 quande
1209 1552 1279 1630 quis
1302 1557 1396 1616 testes
1416 1571 1472 1636 pre
1500 1571 1533 1616 se
1556 1554 1712 1636 produxit,

138 1651 289 1712 secentur
311 1651 467 1712 nonnulle
490 1648 559 1712 elim
582 1649 792 1728 limitelienes,
813 1646 898 1728 epud
952 1645 1072 1708 etiemei
1089 1645 1126 1706 iis
1139 1652 1247 1724 postes
1270 1663 1343 1707 usus
1364 1665 1427 1709 nen
1448 1649 1507 1722 sit;
1528 1649 1619 1727 forte,
1642 1650 1714 1730 quin

139 1747 276 1806 eneteree
289 1745 429 1824 proxime
442 1745 557 1807 relatus
575 1743 736 1807 videndus:
757 1743 809 1826 qui
831 1752 899 1808 tnn-
951 1755 1014 1799 nen
1029 1737 1139 1817 potuit,
1155 1739 1204 1800 vel
1227 1756 1335 1800 eorum
1353 1741 1529 1803 testimonio
1552 1759 1614 1804 nen
1635 1742 1715 1804 indi-

139 1835 205 1898 dem
218 1835 418 1912 eenelndunt,
434 1837 466 1899 in
480 1836 607 1900 arbitrio
618 1837 731 1918 judicis
752 1854 821 1900 esse
841 1854 899 1916 pe-
952 1831 1029 1911 guil.
1046 1831 1123 1904 Ouia
1138 1831 1198 1893 h00
1211 1831 1289 1912 ipso,
1307 1834 1390 1911 quod
1400 1834 1527 1896 istorum
1539 1833 1714 1902 testimonio

139 1931 236 2007 sunm,
252 1949 293 1992 en
308 1931 445 2011 pensetis
459 1931 550 1993 variis
564 1929 813 2007 eircumsteutiie,
827 1947 897 2008 que
952 1923 996 1986 uti
1011 1922 1153 1996 veluerit,
1169 1921 1276 2001 sieque
1290 1939 1344 1984 eos
1357 1923 1547 2004 produxerit,
1569 1929 1716 1988 censetur

138 2019 898 2104 hincindepessuntoeeurrere,relitexeeptienee
951 2014 1137 2094 approbasse
1166 2029 1332 2092 personam
1359 2013 1501 2076 illorum:
1530 2015 1611 2077 unde
1635 2015 1716 2077 redit

138 2122 239 2178 eonem
261 2124 355 2180 testes
374 2117 531 2198 oppositas
551 2117 654 2180 stetim
665 2117 838 2179 admittere
856 2116 897 2178 ad
952 2107 1045 2169 allate
1059 2107 1148 2180 ratio,
1164 2123 1221 2166 eeu
1234 2120 1274 2164 ne
1285 2105 1353 2183 quis
1362 2106 1518 2184 reprobet,
1530 2105 1614 2186 qued
1623 2113 1714 2168 antea

138 2207 341 2287 pmhendum.
363 2209 527 2290 velpetiue
548 2227 657 2271 earum
670 2209 895 2270 discussionem
951 2198 1144 2279 flppfflbfil'it,
1173 2197 1264 2260 1⁰²1ss-
1292 2196 1443 2273 Assdfsssssr
1468 2206 1499 2262 θῑ
1520 2197 1636 2276 ΑΜΒ,
1662 2198 1715 2261 Ubi

138 2317 290 2364 reservare
304 2301 337 2364 in
350 2301 445 2363 linem
457 2302 537 2364 litis:
553 2320 626 2363 nem
641 2319 779 2382 presens
799 2307 899 2363 mete-
953 2309 1046 2372 Supra
1056 2310 1090 2354 1¹·
1106 2295 1136 2354 7·
1153 2297 1184 2352 θῐ
1197 2290 1259 2352 filii·

138 2393 179 2456 rie
190 2394 226 2457 de
241 2395 381 2474 Testitum,
397 2397 530 2458 multum
544 2401 592 2459 est
605 2397 779 2473 erhitrnria,
801 2397 822 2458 l.
847 2397 897 2458 111.
991 2389 1061 2449 550·
1075 2385 1130 2448 E&
1143 2384 1279 2448 00143αᾶ8
1290 2404 1363 2448 novo
1375 2379 1588 2468 mptrvtnienlt
1599 2403 1715 2468 Pomm

138 2489 211 2549 uh.
228 2493 252 2552 t.
268 2489 398 2562 Quodsi
413 2509 486 2552 vere
501 2488 598 2572 judex
616 2507 679 2550 nen
700 2488 899 2553 arbitrabitur
951 2479 1109 2562 reprobare
1131 2487 1229 2543 tettem
1250 2486 1336 2542 autea
1357 2500 1376 2542 a
1398 2497 1443 2542 me
1463 2477 1648 2562 productum.
1676 2513 1715 2528 -

139 2589 169 2644 ul
181 2581 281 2644 bonus
294 2585 352 2658 vir,
367 2584 480 2664 polerit
492 2583 533 2645 ab
551 2601 589 2646 eo
609 2581 770 2664 appellari,
793 2581 899 2644 Abbas
951 2573 1105 2636 Gaelerum
1117 2571 1259 2636 limitatio
1272 2571 1336 2651 illu,
1358 2593 1372 2632 tt
1392 2572 1449 2634 nisi
1469 2573 1639 2636 ostenderit
1656 2573 1716 2635 ini·

140 2679 185 2741 cit
199 2679 728 2758 n,g‚70„·(00m00n01ud0‚,‚
748 2683 779 2740 fle
792 2677 856 2740 alit
952 2664 1084 2726 micitiss
1111 2663 1191 2726 iuter
1217 2681 1251 2725 se
1279 2667 1310 2725 et
1336 2664 1404 2725 illes
1434 2669 1542 2745 postee
1574 2665 1714 2726 emersis-

174 2775 241 2834 547,
266 2771 334 2833 No„
352 2791 471 2854 Imm
496 2771 652 2854 reprobare
679 2777 786 2846 mm,
814 2787 899 2851 qm
951 2775 1027 2832 ιιι»
1046 2761 1104 2820 ete.
1122 2755 1230 2818 merite
1254 2755 1429 2819 extenditur
1447 2755 1487 2817 ad
1508 2773 1616 2818 omnes
1637 2755 1715 2820 alies

140 2863 376 2947 mmmm,
391 2865 533 2927 „pem
546 2881 632 2926 msa
645 2861 898 2946 ,upa-„mn-
951 2867 1061 2912 eeuses
1081 2849 1120 2912 de
1144 2866 1223 2912 nove
1246 2849 1514 2928 supervenientes,
1539 2849 1652 2930 quibm
1675 2849 1713 2912 de

139 2955 287 3026 urentur
298 2957 345 3018 lli.
364 2959 389 3017 Α
404 2971 466 3036 qno
479 2955 608 3035 possint,
623 2956 674 3017 rel
696 2971 759 3016 uon
780 2953 898 3034 possint
947 2945 1018 3025 jure
1031 2951 1132 3025 potest
1145 2961 1279 3022 persona
1292 2942 1380 3005 testis
1394 2941 1520 3020 repelli;
1536 2949 1571 3006 ut
1584 2949 1672 3022 putu,
1688 2943 1714 3006 ei

140 3049 294 3128 reprobari
307 3055 413 3122 testes,
428 3053 484 3111 aut
501 3049 583 3112 diota
603 3043 734 3112 eorum
753 3049 846 3128 neq),
871 3047 894 3108 1,
950 3041 1058 3118 postea
1084 3037 1170 3100 testis
1198 3037 1249 3099 ille
1272 3036 1372 3099 leuius
1394 3036 1433 3098 sit
1452 3033 1587 3111 intumis,
1602 3037 1715 3117 'perju-

139 3139 195 3200 Rlsi
209 3157 283 3202 reus
296 3141 392 3221 pessit
406 3139 573 3218 reprobare
587 3145 683 3202 testes
697 3139 809 3202 ueteris
822 3156 896 3200 een·
949 3148 1014 3205 ΝΕ,
1030 3137 1087 3194 eit·
1112 3133 1198 3192 Tum
1226 3131 1309 3192 essim
1326 3147 1455 3210 P⁰⁵⁸¹¹m
1478 3129 1588 3193 ‘'find“
1611 3131 1713 3212 ipsum

139 3239 182 3293 tre
195 3251 227 3294 se
241 3233 395 3307 inductos,
411 3239 443 3296 et
455 3239 592 3310 eeentre,
610 3232 801 3296 ostendendo
816 3232 897 3312 ipse
949 3223 1120 3302 repellere,
1142 3221 1228 3285 haud
1252 3222 1395 3284 obstante
1420 3222 1505 3301 quod
1526 3229 1618 3284 antee
1639 3241 1711 3286 eum

139 3343 200 3386 mn
215 3327 452 3403 insanientem,
467 3326 637 3390 dnmmodo
652 3345 708 3390 eos
721 3333 813 3388 antes
825 3342 897 3387 nec-
949 3334 1004 3396 pro
1019 3335 1070 3378 me
1083 3316 1269 3392 induxerim,
1282 3316 1370 3395 juxte
1384 3320 1502 3378 textum
1520 3318 1654 3380 relatum
1673 3335 1713 3379 ex

139 3419 206 3480 dnm
227 3421 462 3500 approbaverit,
484 3423 520 3483 ut
538 3429 585 3484 est
609 3427 697 3484 extre
716 3427 896 3483 sennever—
949 3408 999 3469 θῑῒ·
1015 3409 1037 3471 l·
1056 3407 1095 3472 δί
1106 3409 1172 3491 quit
1184 3406 1313 3471 ietiibw·
1329 3424 1356 3468 θ·
1374 3407 1405 3468 h·
1422 3413 1444 3470 t·
1559 3436 1562 3444 ’

140 3511 222 3592 uem,
236 3518 348 3577 testem
370 3517 488 3587 temen,
510 3531 604 3594 quem
627 3513 749 3577 induxit
771 3529 828 3593 pre
847 3529 892 3588 se,
987 3503 1057 3564 551.
1073 3497 1607 3580 ucetiameaedeseemnmcpn'mum
1615 3499 1713 3582 eequi-

140 3623 196 3665 nen
209 3609 312 3685 petest
333 3605 466 3684 emplius
487 3605 667 3686 reprobere,
692 3606 749 3669 sed
770 3608 896 3670 tenetur
949 3601 989 3669 10,
1004 3613 1061 3677 {1¹⁴⁰
1073 3603 1158 3658 (mlta
1173 3593 1251 3656 ‘0⁸²ss
1264 3591 1425 3656 ἶθῦθΐαῦαῑ·
1445 3593 1539 3656 Paria
1558 3601 1635 3670 will,
1655 3613 1712 3654 '¹07³

141 3715 206 3758 enm
226 3697 388 3761 rennuere
411 3705 518 3760 conus
539 3715 590 3774 se,
618 3700 677 3761 nisi
699 3717 781 3764 nors
800 3717 894 3762 reuss
947 3708 1017 3770 ene,
1032 3699 1129 3752 ernon
1143 3707 1347 3773 apparere-
1360 3691 1460 3768 Atque
1474 3689 1533 3750 hoc
1547 3690 1648 3770 ipsum
1664 3693 1712 3752 est

141 3791 352 3868 supervenerit.
382 3793 427 3852 Ite
449 3791 558 3854 tilusse
579 3793 611 3853 in
633 3811 661 3854 e.
685 3791 892 3856 Proeeente'um.
947 3783 1426 3863 dicendumdenliishujusmodi
1439 3781 1610 3846 defectibus
1624 3785 1711 3863 post-

143 3883 171 3956 γ.
185 3880 223 3942 Si
232 3879 308 3964 quie
327 3887 360 3944 et
370 3883 462 3945 loen.
477 3883 617 3946 Andreas
637 3885 712 3948 ibid.
735 3905 767 3946 n.
792 3888 840 3948 lo.
864 3892 895 3948 et
946 3896 984 3940 ee
998 3879 1131 3961 primum
1146 3877 1288 3958 segnius,
1304 3877 1417 3956 quibus
1434 3875 1523 3940 lestis
1536 3875 1710 3956 productus

141 3971 238 4036 ubhns
251 3991 284 4034 ιι.
298 3977 327 4036 6.
345 3975 378 4037 Ιι.
400 3979 446 4048 t.;
468 3975 650 4055 speculetur
669 3977 716 4040 tit.
741 3977 779 4040 de
801 3975 891 4040 Teste.
947 3978 1040 4036 entes
1059 3969 1238 4042 inherebat,
1261 3967 1316 4028 Sed
1336 3985 1355 4028 ἃ
1376 3967 1566 4047 producente
1586 3967 1711 4048 580018·

140 4066 330 4144 §dei'eetiem
342 4069 649 4151 reprehenderent.
670 4077 700 4134 et
721 4073 783 4136 elii.
804 4073 893 4137 Ratio
946 4065 1070 4128 huntur.
1088 4063 1192 4126 Abhes
1206 4062 1258 4124 eit.
1273 4081 1305 4124 u.
1321 4067 1351 4123 ·1.
1376 4077 1532 4134 asserens,
1555 4058 1708 4139 ejusmodi

141 4165 192 4238 est,
208 4161 291 4240 quie,
304 4180 376 4224 eum
391 4163 461 4242 quis
479 4163 622 4242 produeit
642 4171 751 4227 testem
770 4184 825 4246 pre
847 4184 892 4238 se,
946 4158 1152 4242 ignerantiam
1165 4174 1259 4239 pesse
1273 4154 1397 4235 probari
1407 4153 1603 4234 juramento:
1625 4153 1709 4232 quod

141 4250 194 4313 hee
205 4251 271 4332 ipse
285 4253 438 4334 approbat
450 4273 615 4336 personum
631 4258 727 4331 illius;
739 4275 812 4340 erge
822 4276 894 4322 eon·
947 4253 1049 4334 ipsum
1062 4251 1156 4316 trudit
1168 4250 1293 4312 Felinus
1307 4268 1334 4311 e.
1355 4245 1517 4310 pastorale
1536 4243 1571 4308 de
1587 4245 1707 4327 necep-

143 4348 182 4402 tre
194 4361 356 4423 persenam
370 4347 437 4426 ejus
452 4347 572 4424 (nisiex
588 4367 666 4411 nove
681 4367 775 4412 esuse
791 4367 891 4412 emer·
948 4347 1016 4408 tion.
1032 4351 1063 4409 et
1077 4347 1159 4409 iavet
1171 4348 1272 4407 textus
1286 4361 1313 4404 e.
1329 4340 1415 4404 Nulli
1427 4339 1520 4402 lr'eere.
1531 4344 1562 4404 8.
1573 4337 1607 4402 de
1620 4337 1709 4401 Elec-

143 4437 239 4516 gente)
250 4437 324 4500 nihil
336 4440 470 4518 emplius
483 4443 584 4520 potest
599 4459 755 4521 oppenere
767 4462 775 4516 ς
788 4444 894 4524 sieque
947 4441 1017 4503 tium
1029 4442 1099 4504 iud.
1111 4439 1270 4520 Siquidem
1282 4439 1433 4515 quantum
1446 4431 1487 4495 ed
1504 4432 1707 4514 propesitum,

141 4531 256 4590 tenetur
268 4547 339 4592 eum
353 4531 447 4594 etium
457 4537 607 4596 eentreee
618 4533 796 4598 admittere:
807 4555 892 4611 nam,
946 4534 1129 4614 perissent,
1144 4549 1208 4592 uon
1223 4547 1302 4605 esse,
1318 4533 1349 4590 et
1366 4545 1430 4589 nen
1447 4544 1610 4606 apparere,
1630 4527 1652 4588 l.
1671 4525 1709 4588 In

147 4622 250 4698 equod
264 4623 359 4684 semel
372 4625 499 4704 plaeuit,
513 4626 646 4706 emplius
655 4627 817 4708 displicere
831 4647 894 4694 nen
947 4625 1008 4707 depe
1033 4625 1141 4707 tundi,
1170 4625 1277 4704 jnneto
1304 4619 1489 4684 Summerie.
1517 4619 1551 4682 ll‘.
1578 4617 1614 4681 de
1639 4637 1706 4679 enn-

143 4717 244 4788 petest,
260 4735 274 4772 ι
294 4716 384 4795 J'nxte
399 4733 465 4795 reg.
481 4721 514 4779 tl
524 4763 530 4778 .
542 4718 621 4797 „iuris
635 4719 668 4780 in
681 4723 711 4782 6.
727 4738 799 4783 eum
813 4722 894 4783 simi·
947 4715 1081 4780 tradend.
1097 4711 1231 4800 emptim'.

143 4803 225 4869 libus.
240 4807 366 4871 secedit
378 4816 480 4873 textus
493 4812 525 4871 in
538 4811 560 4874 l.
578 4810 616 4873 Si
633 4818 699 4894 pute
719 4813 843 4876 testibus.
864 4834 892 4878 e.
950 4845 953 4852 ⁴
987 4813 1056 4874 552.
1072 4809 1193 4874 Possum
1206 4805 1361 4888 reprobare
1373 4801 1449 4866 dicte
1464 4799 1709 4880 tertuemepre·

143 4895 170 4956 h.
185 4903 204 4959 t.
220 4901 355 4978 proxime
369 4903 562 4967 referendus.
805 4949 807 4956 .
947 4903 1037 4978 ducti,
1052 4901 1166 4985 quando
1183 4906 1250 4962 suut
1272 4897 1327 4960 eidi
1347 4894 1505 4969 centurie,
1527 4892 1573 4956 vel
1590 4889 1707 4954 aliunde

177 4993 242 5053 548.
256 4991 301 5055 Ne
314 4994 431 5076 quietem
445 4996 474 5056 in
488 4995 678 5078 etmjudieie.
701 5033 741 5048 -
758 4999 895 5081 Amplln.
947 5013 1046 5058 eurum
1059 4995 1173 5077 salsitas
1185 4992 1295 5056 ostendi
1305 4998 1406 5075 petest.
1422 5021 1463 5038 -
1483 4989 1578 5068 Resp.
1593 4986 1628 5047 ΙΙ.
1644 4983 1707 5045 Etsi

143 5085 262 5147 turhue
275 5088 444 5166 conclusio,
470 5093 505 5152 ut
525 5092 618 5152 etiem
642 5093 674 5153 in
697 5095 758 5156 elio
778 5095 895 5175 judicie
949 5108 1114 5170 persenam
1127 5089 1224 5164 testis,
1248 5103 1341 5168 quem
1360 5081 1464 5145 induxi
1483 5097 1540 5161 pre
1560 5095 1621 5155 me,
1643 5093 1707 5136 nen

144 5193 200 5236 nen
212 5179 322 5256 possim
335 5181 503 5260 reprobare
513 5202 679 5264 personum
691 5189 790 5262 testie,
801 5205 895 5268 quem
947 5184 1064 5264 possim
1078 5181 1210 5262 emplius
1223 5180 1388 5262 reprobare
1403 5175 1571 5254 ditlaet'us,
1582 5170 1720 5251 quflssdss'

145 5269 231 5330 semel
250 5287 304 5350 pre
324 5291 376 5335 me
390 5275 520 5354 induxi,
549 5277 606 5339 uisi
627 5297 666 5342 ex
678 5299 766 5343 nere
787 5299 893 5346 eeuse.
948 5277 1037 5342 video
1059 5275 1143 5356 qued
1161 5277 1219 5340 sibi
1241 5275 1301 5338 sint
1323 5269 1487 5345 contrarie,
1512 5265 1561 5328 vel
1583 5264 1707 5326 eliunde

145 5357 247 5423 textus
260 5367 307 5426 est
319 5383 486 5446 expressus
499 5369 531 5430 in
546 5370 597 5433 eit.
613 5372 633 5433 l.
646 5371 892 5455 Siquisteetidm.
949 5389 1057 5436 eorum
1071 5371 1188 5434 ialsites
1206 5367 1327 5432 ostendi
1350 5366 1461 5446 petest.
1483 5363 1529 5424 ltu
1550 5359 1655 5422 illoesa
1676 5359 1707 5419 in

145 5467 169 5511 c.
184 5452 213 5514 h.
229 5461 249 5517 l.
264 5476 332 5539 quse
348 5467 396 5522 est
409 5463 591 5526 eanonizste
604 5463 635 5526 in
654 5483 723 5528 eun.
745 5466 785 5529 St
800 5477 892 5530 testes.
949 5466 1002 5529 eit.
1017 5467 1038 5528 l.
1055 5463 1259 5534 Proeemtium.
1281 5464 1314 5540 t.
1334 5457 1372 5523 se·
1385 5457 1460 5543 quie.
1483 5459 1515 5522 et
1533 5456 1623 5520 toan.
1647 5453 1711 5516 An·
