4028 6068
294 223 356 287 208
600 208 671 280 LlB.
697 205 731 280 ll.
752 203 963 280 decentet.
985 207 1056 280 nt.
1078 207 1169 280 XXV.
1190 214 1242 280 uls
1262 208 1570 283 massmannus,

295 351 440 435 petentis
451 348 575 431 judicis,
587 351 628 413 ob
641 349 809 430 deiectum,
823 350 1056 430 jurisdictionis,
1110 352 1179 412 heo
1193 349 1366 412 desumitur
1380 369 1419 412 ex
1431 351 1453 412 l.
1475 350 1740 433 Prascriptioaeru
1756 369 1786 414 c.
1807 351 1841 414 h.
1860 355 1884 412 t.
2006 365 2007 388 ι

297 467 334 510 ex
348 464 410 526 quo
429 444 553 507 delectu
567 445 723 507 inducitur
740 445 864 508 nullitas
882 463 1058 526 processus,
1113 451 1144 507 et
1157 444 1178 506 l.
1195 444 1422 526 Peremptocras.
1439 464 1467 507 o.
1485 444 1520 508 dc
1538 443 1719 508 Sententiam
1741 443 1885 507 rescindi.

296 539 455 618 ipsiusque
470 537 643 612 sententie,
654 555 683 600 c.
699 538 743 600 At
754 539 782 599 si
792 537 898 600 clerici.
914 543 943 600 1.
959 537 996 600 de
1007 537 1062 599 Ju·
1114 543 1173 600 etc.
1189 538 1256 611 Quo
1272 545 1407 620 utroque
1422 539 1455 601 in
1469 540 1538 602 loco
1560 538 1704 616 habetur,
1729 537 1890 617 exceptio·

296 631 392 706 dicits,
408 647 481 692 curn
494 629 647 692 similibus
668 649 675 690 ι
698 630 742 692 ita
765 629 859 692 etiam
882 631 992 692 eadem
1006 647 1059 692 ex·
1114 649 1171 692 nes
1200 633 1427 713 peremptorias
1454 647 1547 713 posse
1573 633 1689 713 opponi
1715 649 1819 712 usque
1847 631 1892 690 ad

297 723 398 803 ceptio
412 726 512 804 potest
526 723 641 804 opponi
663 729 735 804 post
755 723 879 804 lapsum
898 723 1062 787 terminia
1115 725 1302 788 sententiam
1329 725 1540 800 diffinitivam,
1569 744 1633 788 non
1660 732 1765 806 postea
1793 745 1801 786 :
1828 723 1891 785 nisi

294 815 400 911 judice
413 835 470 899 pro
479 816 674 897 opponendis
684 817 919 898 exceptionibus
929 817 1061 900 praefixi:
1116 818 1222 880 forsan
1245 819 1315 899 quis
1336 825 1495 883 mereatur
1515 819 1742 884 restutitionem
1760 820 1796 881 in
1809 811 1894 881 inte·

298 929 370 974 cum
384 912 452 973 haec
466 912 532 990 ipsu
546 911 695 990 prefixio,
712 911 807 996 vpluti
827 909 908 974 lacta
928 911 1063 991 ajudice
1116 930 1218 994 grum.

298 1005 543 1086 incompetente,
576 1003 692 1068 nullius
725 1005 765 1068 ait
790 1005 906 1068 valuns
932 1023 969 1069 ac
997 1023 1064 1068 ιιιι-
1156 1009 1207 1068 15.
1229 1006 1308 1068 Acte
1336 1006 1414 1069 litera
1440 1013 1629 1069 mactatam
1650 1024 1692 1070 ere
1712 1006 1825 1090 opponi
1834 1023 1894 1066 aar

298 1097 406 1160 menti.
1114 1106 1256 1182 paucam
1271 1106 1299 1160 ct
1310 1100 1387 1160 car?
1401 1131 1441 1146 -
1453 1099 1543 1172 Quod
1564 1103 1671 1162 autem
1690 1099 1895 1180 exceptiones

294 1247 296 1254 .
338 1195 387 1254 12.
417 1191 485 1255 Vll.
508 1191 583 1254 Post
602 1189 717 1272 lapsam
740 1193 857 1254 tarnim
873 1199 970 1274 potest
993 1209 1063 1274 pars
1116 1192 1333 1272 peremptorie
1346 1193 1535 1273 regulariter
1548 1200 1620 1255 ante
1634 1194 1720 1255 litem
1735 1194 1895 1255 contesta-

299 1283 487 1364 ecceptioccm
512 1283 597 1366 prius
623 1279 803 1366 propositori
829 1285 987 1348 decbram
1025 1315 1064 1332 -
1117 1290 1182 1348 1ιιιι
1200 1283 1294 1364 objici
1317 1301 1380 1346 non
1404 1286 1525 1364 possint
1538 1285 1713 1348 desumitur
1726 1303 1765 1348 ex
1780 1303 1854 1365 cap.
1870 1299 1893 1344 ι.

299 1377 444 1460 Septimo,
471 1377 544 1440 licet
569 1387 640 1458 post
665 1377 788 1458 lapsum
806 1379 930 1441 termini
948 1377 1075 1466 praelixi'
1117 1375 1241 1439 deditis
1253 1377 1556 1440 cicestrensem
1564 1379 1704 1458 exceptio
1713 1379 1895 1458 perempto

300 1489 372 1552 pars
386 1489 449 1532 non
462 1471 558 1552 possit
573 1471 707 1551 amplius
722 1472 877 1554 excipere,
893 1471 1008 1552 poterit
1020 1477 1065 1532 ta·
1117 1469 1164 1532 rin
1190 1473 1282 1531 antea
1310 1469 1431 1550 objecta
1460 1470 1608 1551 (demptis
1631 1470 1755 1534 casibus
1773 1467 1896 1530 ibidem

300 1582 372 1626 men
382 1564 595 1645 exceptionem
602 1565 687 1646 prius
696 1565 885 1645 propositam
893 1565 1062 1626 declarare:
1118 1564 1283 1645 expressis)
1297 1563 1359 1626 litis
1373 1563 1639 1629 contestationem
1662 1582 1726 1626 non
1746 1562 1894 1642 impedit,

300 1677 375 1720 nam
388 1657 441 1740 qui
455 1658 602 1739 declarat,
618 1658 694 1721 nihil
709 1658 774 1739 agit
787 1660 826 1720 de
840 1677 932 1733 novo,
954 1659 974 1721 l.
991 1658 1065 1721 Ha·
1117 1673 1177 1718 nec
1190 1657 1352 1720 retardat:
1374 1659 1458 1722 unde
1480 1677 1544 1721 non
1565 1659 1625 1720 nisi
1645 1659 1796 1720 inutiliter
1821 1664 1897 1718 tuuc

300 1750 392 1814 redes.
406 1751 517 1833 palam
532 1752 550 1831 §
568 1751 701 1835 Siquid.
722 1753 756 1813 ff.
781 1753 816 1814 dc
842 1751 1012 1815 Testameat.
1034 1756 1066 1814 et
1120 1755 1367 1830 proponeretur,
1390 1767 1463 1812 cum
1484 1748 1594 1814 adhuc‘
1610 1753 1648 1814 lia
1668 1752 1848 1825 contestari,
1865 1756 1899 1810 et

300 1843 382 1908 favet
396 1851 497 1909 textus
510 1846 542 1906 in
557 1865 585 1908 c.
603 1843 678 1909 Cam
690 1844 799 1908 dilecti.
817 1849 864 1910 18.
885 1845 921 1909 de
938 1846 1066 1908 Ampsa-
1118 1860 1214 1904 causa
1237 1845 1383 1924 prosequi
1407 1844 1548 1908 deberet.
1576 1844 1705 1908 Accedit
1724 1844 1786 1906 alia
1799 1843 1894 1916 ratio,

302 1939 389 2018 tieem
403 1938 646 2003 Arcbidiaconus
661 1943 709 2003 l3.
725 1959 757 2020 q.
773 1945 802 2003 2.
823 1941 855 2002 in
874 1938 1010 2002 Samma.
1031 1960 1063 2001 ιι.
1120 1942 1189 1998 tum
1207 1937 1282 2017 qnia
1295 1953 1369 1999 rens
1382 1955 1446 2000 non
1465 1937 1561 2001 debet
1579 1956 1767 2020 proponere,
1789 1953 1896 2017 neque

300 2035 336 2104 23
365 2031 469 2094 Abbas
496 2031 526 2093 d.
555 2049 582 2094 c.
611 2031 785 2094 Pastoralis.
806 2050 838 2094 u.
862 2034 912 2095 31.
934 2033 967 2095 h.
990 2040 1012 2095 t.
1036 2036 1068 2095 et
1120 2030 1253 2110 probare
1280 2030 1498 2111 exceptionem
1522 2051 1612 2094 suam
1632 2032 1895 2114 peremptoriam,

302 2123 364 2186 alii.
1121 2125 1893 2206 antequamactorfundaveritintentionemsuam;

341 2221 391 2281 ts.
414 2217 559 2280 Aliitales
574 2237 655 2280 casas
668 2217 836 2299 resecatur
849 2216 1017 2280 Remdsica
1028 2249 1068 2266 ·-
1120 2215 1214 2280 debet
1236 2213 1320 2281 eninr
1340 2218 1425 2298 prius
1450 2227 1595 2284 constare
1613 2221 1653 2282 de
1659 2222 1739 2300 juris
1751 2221 1868 2283 actoris
1885 2238 1892 2280 :

302 2309 433 2372 Tacatua
458 2327 542 2373 nunc
570 2311 710 2392 exceptio
739 2311 1067 2390 excommunicationis
1119 2311 1259 2391 alioquin
1273 2313 1612 2376 contundereturordo
1623 2313 1744 2394 judicii,
1759 2320 1791 2376 et
1812 2313 1894 2374 trus·

303 2402 442 2483 majoris,
472 2410 578 2483 utpote
602 2423 672 2485 quse
695 2422 820 2486 semper
847 2404 940 2487 objici
967 2409 1069 2487 potest
1121 2412 1170 2468 tra
1188 2423 1261 2469 reus
1282 2425 1315 2469 se
1337 2413 1481 2488 gravaret
1508 2427 1606 2472 onere
1628 2407 1798 2488 probandi,
1821 2425 1896 2469 cunr

303 2503 410 2559 contra
437 2504 584 2574 actorem,
614 2518 643 2561 c.
672 2497 891 2582 deceptionem.
916 2502 964 2562 12.
989 2499 1022 2560 h.
1042 2501 1066 2564 t.
1122 2504 1227 2563 actore
1241 2518 1304 2563 nou
1317 2502 1471 2582 probante
1490 2520 1564 2565 reus
1579 2504 1617 2566 sit
1628 2501 1850 2575 absolvendus,
1871 2501 1894 2563 l.

303 2590 495 2654 commodius
510 2587 614 2655 tamen
627 2593 836 2657 declarabitur
858 2593 937 2655 inira
957 2610 989 2656 n.
1016 2595 1066 2656 85.
1123 2593 1182 2668 Oai
1197 2611 1341 2658 acescere
1358 2612 1385 2656 c.
1403 2595 1439 2658 de
1451 2595 1591 2658 Edenda.
1607 2603 1639 2658 et
1654 2613 1683 2660 c.
1700 2596 1776 2660 Cum
1790 2595 1896 2658 Eccle-

304 2689 336 2748 et
362 2703 450 2766 seqq.
475 2687 629 2749 Tacentur
650 2687 767 2768 pariter
788 2688 857 2750 alie
873 2687 1069 2767 exceptiones
1121 2687 1176 2748 sia
1192 2689 1278 2768 §iim
1297 2687 1332 2750 de
1345 2687 1442 2752 Caesa
1455 2690 1624 2770 possession.
1648 2691 1729 2751 'ium
1750 2688 1824 2768 quia
1844 2705 1897 2750 ex-

304 2780 469 2858 anamalae,
485 2779 542 2842 seu
556 2781 680 2844 mixta:
697 2799 781 2857 nam,
799 2788 831 2844 et
844 2781 905 2857 hae,
923 2797 995 2841 cum
1009 2779 1070 2841 sint
1124 2779 1281 2858 captiones
1293 2782 1515 2861 peremptorie
1530 2785 1730 2844 concernunt
1739 2782 1896 2862 judicium

304 2873 501 2955 irregulares,
511 2893 549 2936 ac
558 2892 701 2939 normam
711 2875 841 2937 aliarum
852 2875 1070 2955 exceptionum
1122 2874 1189 2954 jam
1202 2880 1352 2952 coeptum,
1367 2874 1389 2934 l.
1406 2873 1583 2956 Siquidem
1606 2891 1635 2938 c.
1652 2875 1684 2937 h.
1707 2882 1730 2937 t.
1751 2893 1789 2937 ac
1808 2879 1899 2938 notat

303 2984 369 3028 non
390 2972 572 3046 sequantur,
600 2973 729 3048 possunt
749 2969 881 3048 proponi
902 2976 967 3030 tam
987 2973 1070 3052 ante,
1126 2967 1252 3029 Zoesius
1266 2986 1298 3027 n.
1314 2972 1344 3030 6.
1367 2973 1398 3030 et
1421 2969 1539 3049 Sannig
1562 2970 1594 3031 h.
1616 2975 1639 3031 t.
1660 2987 1728 3050 cap.
1753 2985 1785 3032 n.
1807 2989 1839 3030 n.
1863 2973 1895 3030 ’1.

304 3060 801 3140 quampostlilemcontestatam;
819 3060 863 3123 uti
875 3061 940 3140 jam
955 3058 1073 3123 dictum
1125 3061 1206 3120 Tum
1231 3058 1376 3134 undem,
1402 3060 1475 3140 quia
1494 3062 1567 3124 licet
1590 3063 1801 3142 peremptoria
1823 3067 1897 3124 ante

304 3157 352 3215 est
365 3170 459 3234 supra
472 3152 490 3232 ἓ
502 3151 637 3231 praeced.
654 3170 686 3213 n.
702 3156 751 3216 al.
1004 3197 1006 3203 .
1126 3151 1188 3213 litis
1202 3151 1461 3215 contestationem
1476 3153 1673 3234 probaretur,
1691 3153 1768 3214 nihil
1781 3153 1896 3215 exinde

344 3251 394 3310 11.
423 3245 617 3328 deceptiores
655 3246 859 3328 perceptoris
896 3245 1074 3327 repolariter
1126 3243 1265 3308 utilitatis
1279 3244 1424 3323 probanti
1440 3251 1650 3319 accresceret;
1667 3263 1740 3306 cum
1753 3245 1807 3309 lite
1821 3263 1898 3308 nec-

304 3339 471 3424 cppoaaada
485 3347 553 3401 scat
562 3347 631 3422 past
641 3339 721 3403 litem
734 3345 930 3416 contestatam,
943 3346 1074 3422 pascuat-
1121 3339 1202 3401 -dmn
1216 3342 1389 3400 contestata
1404 3357 1467 3401 non
1480 3339 1710 3413 absolveretur3
1727 3355 1798 3420 cap.
1822 3355 1844 3400 ι,
1867 3344 1898 3398 et

306 3453 361 3518 pue
374 3435 485 3517 appoai
496 3453 586 3516 usqae
602 3433 643 3496 ad
663 3435 843 3497 senentiam.
859 3465 899 3482 ··-
918 3434 1074 3504 Quaritur
1127 3449 1216 3512 seqq.
1237 3452 1251 3490 a
1272 3433 1312 3494 Ut
1332 3431 1384 3492 lits
1403 3449 1468 3492 non
1487 3437 1671 3510 contestata,
1695 3453 1710 3490 ι
1737 3437 1798 3493 etc.
1820 3438 1852 3492 et
1874 3431 1895 3490 l.

305 3533 342 3593 Π.
357 3531 425 3602 Quo
439 3533 581 3610 tempore
594 3527 724 3609 possint,
744 3546 782 3590 ac
803 3527 939 3590 debeant
959 3528 1073 3608 opponi
1127 3523 1290 3588 Ρνοὶιιαιι.
1321 3542 1349 3586 c.
1374 3522 1409 3586 de
1429 3523 1560 3587 Sentcat.
1583 3531 1613 3585 ct
1628 3523 1792 3587 ratalacut.
1817 3543 1898 3585 ama.

307 3623 505 3703 exceptiones
518 3621 756 3704 peremptoriael
770 3621 861 3703 Resp.
875 3624 898 3685 1.
915 3619 1075 3700 Exceptio·
1121 3613 1220 3696 judic,
1237 3614 1345 3694 juncto
1365 3615 1416 3676 cit.
1442 3633 1512 3696 cap.
1539 3633 1562 3677 1.
1587 3613 1625 3676 de
1648 3615 1725 3678 Lites
1743 3621 1897 3678 contestat.

306 3735 363 3778 nes
376 3716 590 3798 peremptorie
598 3713 786 3797 regulariter
796 3715 991 3796 opponenda
1003 3719 1075 3774 sunt
1128 3710 1160 3770 in
1173 3712 1204 3771 6.

306 3813 377 3892 post
390 3811 475 3872 litem
490 3813 713 3884 conmutatum
735 3813 928 3889 possuntque
942 3806 1075 3887 proponi
1167 3805 1315 3865 laetat.
1339 3800 1434 3864 Fallit
1455 3801 1817 3886 sacracramenta
1845 3823 1901 3886 pe·

307 3920 406 3982 usqua
427 3902 468 3962 ad
491 3901 690 3977 sententiam,
715 3919 772 3963 seu
796 3899 1027 3964 conclusionem
1041 3898 1074 3959 in
1127 3896 1296 3980 remptoriic
1322 3896 1381 3958 litis
1408 3895 1513 3977 finita,
1541 3904 1571 3958 ct
1596 3896 1673 3960 'cari
1698 3929 1739 3947 —
1752 3902 1846 3980 Resp.
1862 3901 1898 3960 Π.

307 4013 412 4057 causa.
428 3995 590 4056 ltaGlossa
606 4013 633 4057 c.
649 3994 871 4076 deceptionem
887 3991 1018 4056 vorsla
1031 3990 1075 4053 di·
1127 3993 1219 4056 Fallit
1253 3990 1456 4054 nibilominus
1490 3990 1564 4054 date
1600 3993 1761 4058 conclusio
1795 3993 1901 4071 quarm

309 4088 433 4151 latioris.
451 4095 482 4150 et
492 4088 686 4166 pibbasibid.
702 4107 734 4150 n.
751 4091 800 4151 15.
815 4087 833 4167 §
847 4085 1076 4166 t.;Speculator
1129 4090 1295 4164 utramque
1314 4087 1437 4161 partem
1458 4082 1491 4144 in
1514 4085 1673 4146 nonnullis
1701 4085 1837 4150 casibus.
1863 4087 1901 4146 itt

308 4183 354 4245 tit.
370 4181 406 4245 de
419 4181 599 4264 carpetra.
611 4182 630 4263 ἓ
642 4180 772 4244 llictode
785 4179 939 4243 dilatoriis.
951 4199 983 4240 n.
1000 4183 1028 4240 1.
1045 4183 1077 4241 et
1129 4176 1256 4257 quidem
1279 4193 1370 4257 pesse
1394 4175 1546 4255 quasdam
1562 4179 1761 4258 exceptiones
1783 4181 1900 4260 opponi

309 4293 397 4356 seqq.
413 4276 545 4338 Socinus
559 4279 591 4339 in
609 4274 774 4349 Faltonius,
789 4291 856 4354 reg.
878 4271 1076 4336 11111111-
1129 4275 1200 4350 pest
1213 4269 1400 4332 sententiam
1412 4269 1521 4349 latam,
1546 4272 1665 4352 patebit
1687 4291 1726 4334 ex
1745 4273 1899 4348 dicendis,

310 4370 393 4432 ricus
414 4368 454 4433 de
472 4371 572 4449 Senis,
596 4370 706 4434 consil.
728 4372 798 4446 160,
822 4365 961 4430 reterens
981 4367 1076 4431 talem
1129 4383 1162 4427 n.
1178 4365 1227 4426 el.
1244 4365 1293 4426 aa.
1306 4367 1338 4426 et
1351 4381 1439 4444 seqq.
1455 4364 1544 4436 Quod
1557 4371 1664 4428 numm
1677 4367 1789 4446 aliquae
1805 4367 1901 4428 stiam

310 4475 429 4539 canum,
446 4463 477 4524 in
492 4481 554 4544 quo
568 4465 778 4525 «Procurator
787 4461 963 4542 cujuspiam
973 4461 1077 4538 (utin·
1130 4465 1202 4524 unte
1228 4458 1290 4520 litis
1323 4459 1582 4522 contestationem
1617 4463 1730 4541 opponi
1763 4459 1900 4532 valeant,

310 4554 388 4635 quit)
401 4555 505 4636 inepte
520 4555 680 4636 proposuit
702 4555 856 4634 quasdam
878 4553 1076 4633 exceptiones
1130 4551 1305 4614 ostenditur
1317 4551 1508 4616 inductione.
1519 4554 1675 4634 Imprimis
1690 4553 1774 4615 enim
1792 4570 1901 4633 excep·

310 4649 545 4729 peremptoriae,
561 4667 631 4730 quae
644 4648 812 4712 veniebant
826 4647 1007 4728 probanda,
1022 4647 1076 4710 lite
1132 4646 1235 4709 tiones
1249 4647 1466 4726 peremptorie
1490 4644 1553 4708 litis
1571 4646 1677 4721 finitos,
1693 4645 1838 4708 videlicet
1852 4663 1904 4707 ex·

312 4745 495 4818 contestata,
518 4765 533 4802 a
556 4743 652 4821 judex
664 4745 770 4806 umen
793 4760 847 4805 eas
860 4759 925 4803 nou
939 4740 1075 4820 admisit,
1133 4739 1292 4819 captiones
1306 4739 1346 4800 de
1361 4756 1395 4801 re
1406 4738 1559 4819 judicata,
1574 4744 1742 4815 neumata,
1758 4739 1811 4799 vel
1825 4737 1903 4799 alias

312 4837 369 4900 sed
383 4835 548 4897 reservarit
557 4836 718 4915 postlitem
728 4835 1077 4918 contestatamPirhing
1131 4833 1231 4906 finita,
1244 4830 1361 4895 utiliter
1374 4839 1602 4913 proponuntur,
1620 4837 1713 4914 atque
1728 4834 1903 4912 probantur
2006 4885 2007 4898 .

312 4933 359 4994 tit.
375 4929 410 4992 de
423 4929 499 4994 Litis
512 4935 662 4992 contestat.
681 4949 713 4991 n.
737 4933 786 4993 13.
813 4932 920 5004 ι111ι
951 4929 1077 4991 Zoesius
1130 4934 1204 4990 ante
1218 4925 1279 4989 litis
1292 4926 1563 4990 contestationem.
1586 4929 1703 5000 Toxlus
1723 4933 1773 4990 est
1794 4929 1827 4990 in
1850 4929 1900 4991 cit.

312 5025 344 5089 h.
361 5032 383 5088 t.
399 5044 431 5086 ιι.
448 5028 480 5097 6;
499 5024 616 5106 Sennig
629 5023 699 5086 cod.
723 5041 792 5104 cap.
816 5027 845 5086 2.
866 5041 898 5085 n.
921 5027 940 5086 'l
957 5031 990 5085 et
1006 5023 1075 5104 alii3
1131 5039 1201 5102 cap.
1218 5037 1241 5084 1.
1256 5019 1381 5083 deditis
1394 5027 1545 5084 contestat.
1562 5021 1594 5082 in
1613 5025 1643 5084 c.
1664 5020 1775 5099 juncta
1792 5021 1903 5084 Glossa

311 5114 546 5179 licetllallensis
557 5115 587 5177 b.
605 5121 627 5178 t.
643 5134 674 5178 ιι.
692 5119 741 5178 13.
757 5115 896 5196 etEngel
911 5113 980 5176 eod.
997 5133 1029 5175 n.
1044 5117 1076 5176 1.
1132 5112 1209 5176 ibid.
1230 5117 1310 5176 vers.
1334 5111 1449 5178 Finita.
1473 5115 1566 5176 loon.
1590 5114 1732 5176 Andreas
1744 5133 1779 5176 n.
1794 5115 1825 5176 3.
1842 5119 1902 5178 An·

314 5210 511 5291 exceptiones
547 5209 774 5290 peremptorias
800 5207 988 5290 regulariter
1012 5209 1079 5270 tam
1132 5207 1270 5270 charano
1282 5225 1315 5271 ιι.
1332 5213 1363 5271 2.
1379 5216 1411 5271 et
1424 5209 1493 5271 aliie
1509 5229 1516 5271 ι
1533 5208 1586 5289 qui
1600 5213 1705 5270 tamen
1719 5226 1793 5270 cum
1807 5210 1898 5272 ioan.

314 5309 398 5377 ante,
414 5321 509 5384 quam
523 5308 593 5382 post
612 5301 699 5364 litem
721 5307 943 5380 contestatam,
964 5301 1078 5384 opponi
1132 5301 1287 5365 Monacho
1307 5303 1479 5384 intelligunt
1493 5303 1574 5366 hano
1596 5302 1814 5382 exceptionem
1832 5303 1901 5363 cde

315 5409 408 5475 posse
418 5403 570 5459 ‘mereant
585 5411 685 5478 usque
698 5395 741 5462 ad
753 5396 950 5462 seutentiam.
966 5397 1078 5459 Contm
1133 5415 1168 5458 re
1178 5397 1319 5476 judicata
1332 5397 1547 5475 efficaciterpr
1566 5397 1630 5460 sire
1643 5395 1685 5459 ab
1707 5414 1758 5472 ao,
1776 5398 1828 5478 qui
1848 5397 1901 5475 jus
