4026 6054
261 233 321 297 los
520 231 591 295 Elii.
612 231 662 294 ill.
684 227 893 292 amatas.
921 229 994 296 tls.
1015 231 1063 296 111.
1087 227 1138 296 DE
1156 231 1326 296 cussinis
1347 229 1584 296 consonans

263 366 425 432 nicationis
438 355 872 442 manutiameompellmtm.
885 363 1031 436 Quinimo
1084 368 1142 429 nisi
1165 368 1270 430 careat
1293 365 1393 427 officio
1415 363 1588 444 conjugali3
1610 363 1774 441 murteo,
1797 365 1853 426 aui

261 447 351 544 iuxta
363 458 460 522 clem.
476 457 539 521 Eos
560 457 622 540 qui.
646 456 681 519 de
704 455 926 546 Cmmapaiatt.
942 466 971 520 et
983 457 1033 539 al·
1085 479 1277 542 semperpro
1298 460 1413 540 populo
1428 457 1586 522 atterenda
1600 465 1672 522 sunt
1684 457 1851 530 sauitieie,

265 555 345 638 finti.
360 554 427 633 ipso
436 551 519 613 facito
530 549 847 612 excommunicantur.
859 543 1034 613 Concordai
1087 576 1211 638 semper
1234 556 1384 620 orandum
1406 559 1454 619 est
1476 570 1484 616 t
1506 557 1532 618 si
1553 573 1678 638 semper
1699 554 1854 642 orandum

267 649 432 714 concilium
450 643 681 719 Trideniitlllm‚
698 659 774 704 8088.
790 645 840 705 Ἃ.
857 661 927 706 ean.
942 647 971 706 9.
989 643 1034 704 sie
1087 660 1145 727 est,
1170 671 1244 732 ergo
1267 667 1392 732 semper
1413 649 1611 714 matrimonio
1634 649 1850 713 modum.»

268 740 441 804 definiens:
458 737 514 799 «Si
530 736 598 814 quis
612 734 735 808 dixerit,
750 735 879 797 clericos
892 736 924 797 in
938 735 1034 798 sacris
1087 747 1161 810 1120
1175 745 1228 808 ibi,
1249 742 1392 808 Socanda
1411 741 1546 806 hahetur
1565 759 1633 805 can.
1652 741 1853 806 mmmm,

268 831 434 897 Ordinibus
448 827 640 900 constitutos,
656 827 705 891 ⁹0¹
719 828 893 908 milliarii,
910 829 1034 892 cmiii·
1088 839 1158 905 dist.
1183 844 1233 913 28,
1248 839 1309 901 illis
1330 837 1435 900 verbis
1457 853 1627 918 expressa:
1648 835 1756 897 «Cum
1769 835 1856 896 enim

271 935 336 991 tem
357 925 537 988 solemniter
562 919 734 1006 professos,
761 941 853 1003 posse
875 924 1036 986 matrimo-
1088 934 1147 1015 ipsi
1170 933 1289 1014 (clerici
1316 933 1348 992 iu
1374 930 1534 994 uudiuibuu
1556 931 1651 993 guerin
1677 929 1857 1008 constituri)

270 1023 358 1086 nium
385 1018 587 1091 contrahere,
616 1019 872 1096 contractumque
899 1017 1036 1081 validum
1088 1029 1252 1109 tempium,
1267 1043 1341 1090 γεω
1355 1025 1711 1101 numiuiuiruumium
1724 1023 1860 1104 spiritus

272 1132 353 1190 esse,
364 1111 579 1176 nonobstante
592 1109 661 1190 lege
672 1109 892 1189 ecclesiastiea,
906 1111 1037 1176 salvete
1090 1123 1194 1188 simii
1214 1122 1351 1185 deheim
1369 1138 1454 1195 0⁸30,
1470 1126 1503 1182 oi
1519 1119 1580 1182 diui
1596 1136 1604 1180 :
1619 1117 1783 1198 iudignum
1797 1121 1858 1188 uit,

272 1239 312 1258 ··
324 1207 492 1270 &imiimi
506 1205 555 1268 iii·
570 1226 585 1264 l‘
1091 1237 1146 1282 eos
1158 1215 1311 1280 cubilibus
1320 1223 1351 1278 ct
1360 1211 1562 1277 immunditiis
1575 1207 1744 1274 deamvire.
1756 1231 1771 1268 a
1785 1209 1863 1270 Τοι-

311 1306 343 1367 l.
365 1297 494 1368 Etrur?
507 1297 687 1362 -Accedit
707 1299 799 1374 ratio,
815 1299 888 1380 quia
900 1299 1037 1364 Ecclesia
1090 1312 1134 1375 iiu
1149 1317 1180 1373 ut
1197 1327 1270 1372 uum
1288 1295 1537 1388 precedentibus
1552 1303 1585 1364 in
1598 1319 1633 1364 re
1650 1299 1861 1384 concordans,

274 1397 403 1462 clericam
416 1396 448 1457 in
462 1392 556 1456 sacris
570 1391 736 1466 Ordinibus
750 1397 933 1459 constitutos
948 1395 1039 1474 (sicut
1092 1404 1267 1468 uuutiuuiur
1278 1401 1312 1462 iu
1325 1417 1354 1464 u.
1376 1398 1488 1477 (taeda
1501 1407 1530 1459 te
1543 1398 1573 1458 3.
1594 1396 1627 1458 h.
1642 1402 1664 1458 t.
1682 1393 1757 1473 quia
1769 1392 1866 1456 vide-

235 1499 238 1506 '
275 1494 308 1554 et
329 1487 491 1568 religiosos
513 1486 693 1550 solemniter
714 1486 882 1570 professos)
896 1489 1038 1551 inhabili·
1092 1499 1194 1562 noui(
1210 1493 1317 1559 crui-ici
1338 1493 1431 1555 simui
1450 1489 1662 1570 uuiupiuiibuu
1678 1493 1711 1552 ut
1728 1487 1863 1550 rumuli-

274 1581 349 1646 tavit
375 1581 417 1643 ad
441 1577 691 1643 aonuaneuaum
721 1580 966 1658 matrimonium
996 1581 1041 1644 uti
1093 1593 1153 1654 sus
1166 1589 1338 1663 cestuum,
1353 1579 1514 1650 aceruus
1528 1579 1788 1646 armaturarum
1802 1579 1866 1641 au-

180 1669 185 1680 “
275 1678 531 1753 oonsutexcap.
548 1691 602 1735 un.
625 1672 660 1736 de
679 1671 849 1754 Veaminii.
865 1676 1043 1757 junctisju-
1094 1683 1221 1765 saquis,
1244 1699 1356 1746 uuuuuu
1382 1697 1446 1742 uon
1473 1679 1588 1740 valent.
1611 1675 1733 1748 »Quod
1755 1675 1865 1754 ipsum
1979 1680 1987 1705 ⁴

275 1771 361 1836 ribus
374 1767 524 1832 hactenus
538 1766 689 1847 allegatis.
700 1767 800 1846 Unde,
816 1770 896 1832 sicut
908 1787 1041 1833 consan-
1095 1778 1163 1840 uiiiu
1177 1775 1290 1850 uerbis,
1302 1780 1333 1838 ei
1343 1773 1468 1855 quidem
1477 1763 1670 1846 damnamus,
1685 1767 1865 1832 declaratur

275 1863 422 1946 guinitas,
434 1861 483 1923 rel
497 1859 631 1920 attinitas
644 1877 744 1940 usque
758 1859 799 1922 ad
813 1868 957 1941 quartum
971 1881 1042 1944 gra·
1094 1891 1123 1936 u,
1140 1871 1278 1947 Diuorum,
1293 1874 1324 1933 5.
1340 1870 1372 1930 h.
1392 1871 1416 1931 t.
1432 1865 1576 1938 dicendo,
1591 1863 1677 1942 quod
1689 1863 1710 1920 ἰ
1723 1859 1756 1922 in
1769 1859 1868 1922 deri.

276 1961 384 2019 dum:
419 1971 490 2016 eum
527 1951 695 2027 similibus,
730 1953 799 2032 jure
833 1954 1041 2020 ecclesiastico
1095 1985 1204 2030 rurum
1226 1963 1460 2028 uuusuruatteue
1482 1958 1601 2022 cithara
1621 1971 1694 2018 cum
1716 1953 1868 2034 psalterio

277 2047 406 2130 impedit
423 2045 655 2108 matrimonium
673 2047 934 2126 commanendum,
951 2055 984 2114 et
995 2051 1043 2112 dt-
1095 2061 1178 2122 mule
1185 2057 1511 2134 uouuuudetzunmqne
1518 2048 1696 2128 urserint,
1704 2043 1870 2126 quomodo

277 2140 361 2203 simil
382 2141 598 2200 contractum:
624 2137 668 2198 ita
689 2137 784 2202 etiam
807 2140 974 2206 dicendum
996 2147 1044 2208 cst
1096 2156 1219 2235 piuuuru
1243 2143 1342 2231 pessit
1363 2147 1464 2222 uxori,
1485 2145 1557 2208 ideo
1580 2142 1698 2216 minos,
1714 2156 1785 2220 qnae
1806 2136 1870 2200 nei
2006 2221 2007 2230 ἵ

276 2236 317 2297 de
330 2237 413 2311 noto,
430 2229 514 2310 qnod
522 2229 764 2292 'solemnizatum
776 2229 833 2295 tuit
846 2253 903 2314 per
916 2252 1044 2316 suscep·
1097 2255 1180 2324 guni,
1195 2245 1299 2310 uuluut
1312 2244 1461 2324 cogitare,
1476 2261 1492 2300 a
1510 2243 1569 2301 etc.
1584 2237 1587 2244 '

278 2328 399 2391 donem
410 2323 506 2386 saeris
524 2323 658 2398 ordinis,
673 2331 728 2386 aut
740 2327 912 2392 solemnem
926 2328 1044 2410 proies-
1135 2345 1165 2404 p,
1189 2338 1314 2404 neuuilit
1322 2331 1434 2418 quuriu
1443 2333 1532 2397 ruiis.
1545 2327 1705 2408 Siquidem
1713 2329 1873 2388 uxoratus

278 2423 399 2484 sionem
425 2417 583 2500 religionis
614 2417 654 2479 ab
679 2419 817 2484 Ecclesia
842 2424 1041 2505 approbatae,
1097 2439 1146 2498 uui
1171 2433 1287 2496 diuisus
1313 2431 1347 2492 iu
1373 2429 1447 2502 duo,
1475 2425 1665 2507 cogitatque,
1693 2437 1764 2501 quac
1793 2421 1875 2482 snnt

277 2517 364 2599 iuxta
378 2515 430 2577 flii·
445 2531 513 2592 ⁰⁸1)-
530 2531 585 2574 ¹¹¹¹·
601 2511 636 2574 de
654 2511 722 2575 V⁰i⁰
734 2514 768 2575 in
781 2521 811 2580 6·
1098 2527 1217 2600 mundi,
1259 2533 1291 2590 et
1317 2522 1474 2604 mornado
1509 2520 1633 2599 placeat
1656 2514 1745 2577 uxori
1782 2529 1871 2586 sure,

318 2613 349 2672 5.
373 2607 549 2672 Carnutum
561 2605 686 2688 simplae
699 2609 839 2671 emutatis
852 2629 910 2672 noa
923 2609 1047 2674 dirimat
1098 2620 1324 2698 lemurum,
1344 2623 1375 2682 6,
1398 2615 1618 2695 Uuduplunam
1632 2609 1680 2673 sui
1694 2623 1757 2670 non
1770 2606 1876 2674 habet
2009 2609 2010 2622 ³

279 2704 496 2770 matrimonium
516 2710 615 2784 postea
637 2709 833 2779 contractum,
858 2703 926 2767 dene
949 2713 1046 2768 tanen
1099 2722 1294 2798 patraturum,
1318 2717 1353 2776 ut
1366 2711 1406 2785 ui,
1427 2729 1447 2774 a
1468 2728 1529 2789 quo
1547 2703 1738 2786 stipendium
1749 2699 1875 2778 recepit

279 2797 551 2872 arsami-itae
566 2796 685 2876 obstet,
700 2797 902 2876 quadratum
917 2798 1046 2878 simplex
1100 2811 1187 2892 (puta
1213 2807 1360 2874 saresta
1382 2803 1460 2884 aaa)
1481 2795 1798 2883 praeinstandum,
1814 2793 1871 2858 eit.

280 2892 431 2958 castitatis
445 2888 640 2951 selummodo
655 2889 803 2969 impediat
816 2893 1047 2956 matrimonium
1100 2925 1130 2968 ς,
1144 2897 1282 2968 Diuersi,
1299 2907 1330 2966 5,
1358 2900 1391 2962 h.
1420 2905 1442 2963 i.
1460 2897 1520 2964 Ubi
1541 2902 1571 2958 et
1592 2893 1665 2971 ulia,
1688 2907 1746 2952 seu
1759 2888 1876 2968 quiuu

179 3017 181 3022 ·
280 2983 538 3060 contrahendum,
551 2999 613 3043 non
623 3001 697 3046 vero
707 2984 1044 3052 dirimatcoutractum.
1101 2999 1194 3081 hujus
1207 2999 1286 3062 untia
1301 2991 1501 3074 subjungitur
1516 3009 1524 3052 ε
1540 2987 1613 3069 qaia
1625 2983 1770 3049 videlieet
1790 2999 1877 3042 ure·

280 3083 375 3162 Resp.
389 3078 474 3142 enim
496 3093 568 3138 cum
589 3075 679 3140 Scuto
695 3077 726 3139 in
740 3083 770 3141 l.
791 3078 861 3144 dist.
878 3085 928 3146 30.
945 3083 979 3145 in
989 3082 1045 3145 lin.
1102 3109 1173 3154 rum
1199 3087 1475 3154 emleeiastierram
1504 3079 1677 3144 substantie
1708 3092 1764 3155 per
1790 3072 1877 3138 ates

282 3173 493 3254 disparitatem
516 3187 612 3232 esse:
638 3171 711 3250 quia
733 3171 870 3237 Ecclesia
896 3176 1048 3238 habentes
1102 3179 1244 3266 (uiuuiuus‘
1269 3173 1719 3259 uxoratosisolstdeperire,s
1742 3173 1877 3248 propter

281 3273 391 3330 notum
405 3263 543 3326 solemne
558 3261 705 3325 castitatis
714 3261 915 3344 illegitimavit
924 3268 964 3329 ed
973 3283 1047 3329 oon·
1101 3279 1320 3343 nouissimum
1333 3271 1437 3338 uiuudi
1449 3267 1609 3351 preprium
1622 3279 1762 3336 uxorem,
1775 3266 1875 3338 alque

282 3357 469 3422 trahendum
495 3354 744 3431 matrimonium
775 3375 838 3421 uon
860 3363 966 3424 annm
992 3362 1050 3424 ha·
1102 3373 1228 3450 liberor,
1256 3387 1326 3434 auu.
1355 3369 1399 3431 De
1426 3367 1633 3449 simmaea,
1656 3357 1730 3422 dist.
1746 3355 1798 3418 28.
1813 3353 1876 3416 Per

283 3453 393 3516 nentes
402 3457 508 3514 votum
517 3449 668 3512 duntaxat
681 3449 871 3532 simpleert
884 3455 944 3518 hoo
958 3457 1050 3519 ratio-
1103 3467 1188 3548 quud
1214 3465 1310 3528 urium
1336 3459 1517 3524 diminuitur
1542 3450 1749 3532 hospitalitas,
1775 3463 1877 3526 qnam

284 3547 428 3610 nobiliter
453 3545 569 3606 iactum
592 3542 672 3606 luit:
698 3545 772 3624 fluia
798 3547 917 3610 habens
944 3555 1050 3610 votum
1103 3561 1182 3622 fluuii
1204 3573 1340 3621 monog
1360 3555 1393 3616 in
1415 3549 1545 3626 clericis,
1564 3542 1739 3629 piaefflrfim
1751 3537 1877 3601 henefi-

285 3639 424 3702 sclemne
450 3635 615 3714 emutatis,
643 3637 747 3717 posuit
779 3657 813 3701 se
838 3641 871 3702 in
897 3645 1050 3722 potestate
1103 3654 1216 3726 ciariis,
1231 3641 1663 3728 iuquiruutvaluti'dehitum.
1683 3637 1775 3716 juxte
1787 3633 1873 3696 dicia

285 3732 449 3808 sceleste,
475 3735 626 3809 quantum
648 3730 689 3790 aa
713 3733 887 3811 oppositum
906 3735 994 3814 etus,
1010 3733 1051 3798 aa
1104 3746 1151 3810 aa.
1166 3745 1188 3807 1.
1205 3737 1250 3806 oe
1271 3735 1384 3804 Vina
1403 3736 1544 3798 murtae
1568 3727 1711 3807 aurias
1724 3729 1754 3788 a.
1771 3743 1805 3786 n.
1821 3727 1872 3787 ut.

286 3827 372 3908 quod
391 3831 440 3887 est
460 3829 636 3886 contractus
660 3823 844 3887 matrimonii
858 3845 866 3900 ;
891 3845 954 3889 non
976 3845 1051 3890 vero
1105 3843 1136 3902 ui
1149 3841 1199 3902 62,
1214 3835 1374 3912 simulque
1388 3829 1528 3893 redditus
1543 3817 1754 3892 eodesiastici,
1766 3816 1821 3896 qui
1834 3831 1877 3878 ex

286 3921 375 3998 ulter,
391 3917 510 3980 nunnus
524 3915 719 3978 solummodo
734 3924 840 3981 votum
854 3920 994 4000 simplex.
1015 3923 1052 3984 Et
1106 3933 1252 4014 primurn
1266 3925 1417 3998 uadosis,
1429 3919 1674 3984 actundatnrum
1688 3909 1877 3983 issiefliifflw·

286 4015 358 4076 hinc
384 4011 485 4074 noluit
509 4008 648 4072 Ecclesia
679 4009 763 4072 hunc
790 4010 984 4094 illegitimare
1011 4013 1053 4076 ad
1106 4015 1147 4087 'uu
1174 4025 1252 4104 pios,
1281 4031 1517 4102 pauperumque
1535 4029 1611 4072 usus
1629 4011 1703 4070 eunt
1715 4001 1878 4076 destinati,

262 4153 266 4162 ·
287 4103 533 4168 ⁰0¹1imh0¹¹d¹¹ffl
555 4100 798 4178 mairimfflliums
821 4106 876 4169 sed
895 4124 968 4168 eum
981 4105 1053 4168 leli·
1106 4117 1138 4180 in
1152 4133 1283 4180 uxorem
1297 4117 1329 4176 et
1340 4109 1468 4182 liberes,
1483 4106 1623 4184 aliosque
1636 4099 1787 4181 profanas
1801 4111 1879 4158 usus

288 4199 354 4280 quit
364 4195 483 4279 judicio
497 4193 599 4256 divino
618 4214 624 4256 :
641 4194 722 4258 bene
736 4201 840 4260 tamen
855 4199 952 4262 illum.
1108 4211 1365 4295 expenderentur,
1381 4205 1462 4280 Quin
1476 4199 1572 4267 etim
1590 4197 1783 4260 subinnuat
1796 4191 1881 4272 puri.

327 4296 359 4358 θ·
383 4289 446 4354 0¹⁰¹
467 4287 599 4352 Emi
621 4287 744 4351 'Miri‘
762 4289 888 4371 dirim,
910 4294 942 4354 in
963 4293 1054 4356 ΜΝ
1108 4306 1213 4371 culum
1227 4299 1431 4366 hereditaria
1444 4289 1649 4360 successionis
1659 4289 1692 4350 in
1701 4285 1880 4362 benefieiis,

288 4385 437 4450 ordinibus
463 4383 641 4462 constitutos,
669 4379 853 4465 illepitimam
879 4386 919 4450 ad
940 4397 1055 4452 eontra·
1108 4413 1202 4477 quam
1222 4391 1371 4458 Ecclesia.
1394 4388 1452 4452 Dei
1465 4403 1589 4464 semper
1602 4381 1789 4454 demetetur,
1805 4393 1880 4438 can.

289 4477 414 4540 temdum
435 4474 673 4539 matrimonium?
686 4507 725 4524 ·-
739 4479 778 4543 Et
794 4479 820 4540 si
838 4487 941 4559 petes,
957 4499 1054 4560 quare
1108 4485 1283 4571 Apmtalico.
1300 4501 1328 4544 e.
1344 4484 1374 4545 8.
1392 4498 1423 4560 q.
1439 4482 1469 4540 l.
1484 4483 1516 4540 et
1529 4493 1556 4537 o.
1574 4472 1628 4535 Ea
1641 4467 1881 4532 transmutat.

290 4570 426 4633 Ecclesia
439 4569 570 4632 vuluerit
593 4569 720 4633 clericos
733 4571 766 4632 in
780 4571 875 4635 maris
889 4574 1055 4636 Ordinibus
1107 4582 1141 4646 dr
1154 4578 1241 4642 Filiir
1252 4575 1381 4659 presbyt.
1397 4590 1469 4635 cum
1482 4567 1645 4631 similibus.
1660 4565 1765 4642 Atque
1783 4560 1881 4622 viles-

290 4661 472 4724 constitutos
508 4659 703 4742 illegitimare
734 4665 776 4726 ad
808 4668 1055 4730 conuehendum
1107 4679 1191 4740 aurel
1218 4669 1353 4753 dignitas
1380 4665 1598 4728 sacerdotum:
1628 4673 1688 4720 nec
1715 4654 1826 4735 majori
1843 4653 1885 4714 iu

290 4751 540 4818 matrimoniumt
554 4753 647 4835 Resp.
665 4758 781 4820 Causas
793 4758 971 4840 hujusmodi
985 4779 1054 4824 esse
1108 4761 1282 4832 uuuuuuuiiu
1303 4762 1493 4826 haberentur
1507 4756 1589 4818 istiu
1602 4749 1733 4834 populo,
1750 4749 1777 4808 si
1792 4747 1886 4826 ipsos

288 4843 486 4927 multiplices,
511 4845 544 4908 'et
565 4863 685 4926 graves.
707 4849 809 4912 Prima
831 4851 1003 4917 desumitur
1017 4871 1056 4918 ex
1107 4859 1166 4923 uini
1193 4856 1321 4930 similes,
1345 4868 1448 4932 neque
1476 4842 1604 4929 speciali
1629 4842 1702 4904 rita
1726 4838 1882 4920 puritate,

289 4939 429 5003 doctrina
457 4935 555 4998 sancti
584 4937 671 5000 Pauli
702 4943 840 5022 Apostoli
868 4948 890 5007 l.
920 4945 1052 5010 Cariati.
1107 4957 1203 5034 utque
1239 4947 1427 5031 perfectione
1464 4942 1598 5005 nitentes
1638 4935 1886 5016 conspicerent,

288 5049 341 5110 vn,
356 5035 387 5108 5,
403 5030 477 5114 ipsis
495 5030 681 5112 conjugibus
695 5035 862 5113 suadentis,
879 5045 913 5102 ut
926 5059 965 5104 ex
980 5059 1056 5104 con·
1107 5041 1217 5109 eontra
1235 5059 1305 5106 can.
1328 5039 1438 5102 Beatus
1460 5036 1577 5099 Patren.
1601 5027 1781 5113 §lesam
1796 5044 1824 5088 c·
1844 5029 1883 5088 ti·

285 5143 384 5190 sensu
404 5125 444 5187 ad
467 5131 591 5205 tempus
605 5123 780 5192 obstineant
792 5131 832 5193 ah
853 5139 923 5196 actu
946 5136 1055 5216 conjn-
1108 5153 1140 5224 q.
1156 5139 1185 5200 l.
1201 5140 1232 5199 et
1245 5152 1315 5197 ean.
1332 5127 1526 5210 Oualisenim.
1543 5143 1572 5190 c.
1587 5128 1617 5190 8.
1629 5141 1661 5204 q.
1676 5126 1706 5185 l.
1719 5137 1791 5184 cum
1802 5135 1888 5182 eum·

289 5218 363 5299 gali,
387 5221 423 5279 ut
445 5218 564 5298 possint
585 5235 696 5282 vacare
719 5223 860 5288 orationi.
881 5229 968 5291 Unde
982 5247 1052 5292 can.
1106 5227 1287 5294 cordantiie.
1683 5253 1687 5262 ·

289 5307 327 5374 Si
349 5309 450 5373 laicus.
475 5311 545 5374 diet.
571 5314 621 5374 31.
646 5317 789 5376 notanter
816 5315 957 5382 staur:
986 5322 1054 5386 ast
1146 5326 1177 5386 8.
1201 5314 1584 5402 Claririsprneiainmeris
1599 5310 1701 5376 ora·
1767 5309 1888 5370 Μ-
1937 5345 1941 5350 -

288 5403 397 5480 laicus,
414 5410 444 5465 et
458 5403 634 5487 quicunque
649 5406 749 5469 tidelis
758 5425 848 5472 orare
862 5430 925 5478 non
944 5415 1053 5495 possit,
1108 5416 1177 5479 tam
1190 5433 1248 5478 non
1261 5414 1328 5478 licat
1342 5408 1558 5478 matrimonium
1571 5403 1750 5482 emmanue,
1764 5397 1812 5464 esi
1826 5419 1889 5462 eo-
