4080 6064
250 184 302 253 tt·
408 175 478 249 ltu.
501 179 536 249 u.
559 175 770 248 nucnmnt.
791 178 862 247 Til.
886 176 963 245 xxi.
986 177 1036 245 ΒΕ
1057 171 1238 246 TES'leUS
1259 173 1462 256 cocetum,
1489 175 1564 242 lut
1584 179 1671 244 NON.

249 341 299 384 me
314 319 440 382 ullstte:
464 325 602 382 autnon
625 319 740 380 adsunt
762 317 812 378 elii
837 322 940 389 testes,
961 333 1017 396 per
1070 311 1227 392 ticarrdum.
1244 313 1449 386 -Ounritur
1461 313 1509 374 lIl.
1525 315 1572 376 An
1586 311 1684 393 possit
1702 311 1770 393 cogi
1794 309 1840 372 etl

250 433 329 496 quos
348 413 462 477 veritos
481 411 649 492 aperietur,
673 418 704 474 et
726 417 800 473 tuno
822 409 1017 490 compellitur
1071 405 1311 485 testificandum,
1337 407 1390 486 qui
1419 405 1595 485 juramento
1619 423 1652 466 se
1676 403 1841 476 obstrinxit

249 509 379 571 clericus
422 506 586 588 perhibere
630 505 840 568 testimonium
883 504 1014 580 veritati,
1070 499 1201 562 adnihil
1222 499 1400 574 dicendum,
1424 516 1480 560 seu
1502 512 1566 558 non
1588 495 1840 561 testificandum

249 599 368 664 etiamsi
384 599 509 661 cederet
522 599 554 659 in
565 597 690 679 aliquod
699 598 848 658 damnum
858 596 1013 658 Ecclesiae.
1070 594 1162 674 Resp.
1184 595 1207 654 l.
1231 594 1299 654 Non
1322 591 1464 655 obstante
1475 591 1662 673 juramento,
1678 592 1840 671 quotestis

247 698 292 759 ltu
307 693 414 756 Glossa
426 709 480 754 uu.
495 693 529 752 in
543 691 593 754 cit.
611 711 638 753 c.
657 687 731 754 Cum
751 691 879 753 nuntiae.
905 696 935 751 et
957 689 1017 752 Ab·
1066 685 1182 764 juravit
1197 701 1231 746 se
1245 685 1321 746 nihil
1335 684 1501 758 dicturum,
1513 699 1615 760 neque
1626 681 1840 762 depositurum

249 787 490 849 bosittone.
516 783 552 848 de
577 783 679 847 Tentat.
705 790 736 846 ct
760 783 822 845 clii.
845 783 934 846 Retio
956 789 1014 858 est,
1069 779 1248 859 injudicio,
1271 777 1421 858 potestis
1444 778 1485 839 ud
1507 775 1732 838 testificandum
1754 795 1841 839 com-

249 881 321 961 quin
345 879 377 942 in
400 880 521 942 defectu
545 879 763 959 probationum
795 879 897 939 cesset
924 893 1015 936 omne
1070 873 1153 954 pelli.
1170 873 1215 934 ltu
1230 873 1377 933 textusin
1392 891 1418 934 c.
1434 871 1574 932 Peruenit
1589 869 1628 932 ad
1646 867 1835 931 audientiam.

249 972 454 1054 privilegium,
470 989 510 1034 ne
525 972 638 1034 veritas
652 970 833 1044 occultetur,
851 975 880 1032 et
895 967 1017 1047 injusti·
1070 972 1100 1028 et
1114 965 1223 1027 classe
1236 963 1310 1026 ibid.
1329 967 1358 1042 t.
1377 964 1549 1025 loramento
1562 961 1710 1024 oetntnrtt
1729 967 1761 1024 et
1773 961 1841 1025 llb-

249 1066 301 1128 tia·
314 1065 464 1139 teneatur,
489 1065 540 1126 cit.
557 1081 626 1127 cun.
650 1063 841 1146 Quamquam.
865 1066 913 1124 lt.
937 1078 967 1139 q.
984 1064 1013 1122 2.
1069 1057 1502 1120 manutenuerunt
1523 1055 1559 1119 de
1577 1055 1699 1121 Probat.
1724 1061 1835 1135 quest.

249 1165 280 1221 et
294 1175 362 1238 rep.
379 1174 401 1219 r.
413 1157 520 1236 juncta
535 1158 643 1220 Glosso
658 1161 689 1238 t.
708 1155 864 1229 Occulteat,
887 1155 919 1218 lt.
942 1159 964 1217 t.
985 1161 1018 1218 et
1070 1155 1099 1215 d.
1116 1153 1251 1214 Prooem.
1267 1169 1299 1214 u.
1316 1153 1367 1214 tt.
1383 1153 1432 1214 tc.
1449 1151 1481 1212 et
1493 1164 1580 1230 seqq.
1601 1147 1653 1212 ubl
1671 1167 1704 1211 u.
1725 1151 1774 1213 ts.
1797 1148 1841 1211 is-

248 1269 276 1313 o.
301 1249 439 1313 Pervenit
466 1247 506 1311 ad
524 1269 586 1313 noe.
608 1253 639 1312 t.
665 1248 734 1311 eod.
759 1265 831 1311 cum
854 1247 1013 1310 similibus.
1070 1245 1286 1310 tud·extendit
1307 1245 1348 1307 sd
1370 1258 1443 1308 enm
1466 1261 1585 1320 cusum,
1610 1259 1672 1324 quo
1695 1243 1763 1322 quis
1777 1245 1841 1306 sub

248 1345 410 1424 Maiorque
424 1341 555 1406 debetur
577 1343 749 1405 reverentie
770 1341 902 1420 reritnti,
922 1357 1016 1422 quem
1066 1339 1245 1420 juramenta
1258 1338 1400 1419 promisit
1414 1337 1506 1402 aliern
1519 1352 1583 1400 uon
1596 1337 1736 1401 revetere
1749 1353 1840 1402 nme-

250 1437 414 1514 Ecolesiae,
429 1435 622 1516 presertim,
640 1453 711 1497 cum
733 1436 874 1515 iniquum
897 1435 947 1509 sit,
962 1433 1017 1496 Ec·
1070 1447 1147 1494 num
1162 1433 1218 1494 siti
1233 1431 1376 1516 privatim
1391 1433 1606 1511 commissum
1628 1444 1702 1494 uum
1723 1432 1748 1493 si
1767 1451 1841 1514 pro-

252 1529 378 1593 clesium
392 1532 500 1590 contre
514 1529 611 1591 alium
623 1529 737 1610 injuste
752 1529 944 1609 locupletari,
967 1529 1017 1590 vel
1071 1523 1204 1587 ducetur
1216 1525 1246 1584 in
1262 1530 1382 1598 testem,
1397 1527 1523 1587 tenetur
1545 1525 1667 1605 (inquit)
1689 1524 1766 1586 illud
1784 1526 1841 1589 de-

251 1621 457 1702 manuteneri,
474 1629 650 1702 etquccum
660 1621 1016 1705 grevidtsriuslaesione
1070 1618 1382 1699 tegernseensem
1403 1615 1439 1679 de
1462 1615 1566 1680 rotie
1591 1624 1700 1698 quest.
1724 1621 1773 1682 tu.
1801 1635 1835 1683 u.

250 1717 413 1779 veritatem
440 1715 585 1795 opprimi.
615 1715 753 1790 Accedit,
778 1717 861 1795 quod
887 1715 1017 1778 clericus
1070 1713 1119 1773 ts.
1135 1711 1276 1791 allegans
1289 1710 1439 1792 plurimas
1463 1709 1563 1774 uliost·
1576 1711 1748 1774 coneordat
1765 1726 1836 1792 cup.

247 1811 344 1890 possit
358 1807 513 1871 testificari
529 1811 562 1872 in
576 1809 867 1873 levoremllccieslae
875 1825 951 1882 sue,
961 1808 1014 1870 cit.
1071 1804 1127 1866 nli.
1142 1805 1174 1866 h.
1190 1807 1215 1867 t.
1232 1811 1262 1866 et
1275 1821 1302 1866 c.
1319 1802 1501 1868 Catutitntie.
1517 1809 1567 1868 et.
1590 1804 1627 1868 de
1653 1803 1757 1868 Testid.
1782 1805 1840 1867 utet

248 1914 277 1963 c.
294 1901 367 1966 Cum
380 1901 509 1964 nendos.
527 1906 575 1965 tu.
592 1901 627 1965 de
643 1901 744 1966 Tertit.
762 1905 871 1982 estque
883 1901 1018 1982 emplius
1069 1901 1166 1961 testes
1177 1898 1297 1960 inducti
1325 1920 1339 1956 n
1361 1899 1401 1960 ed
1421 1899 1601 1977 iurandum,
1625 1910 1665 1962 ue
1688 1899 1838 1961 adversus

199 2015 202 2021 ’
248 1993 368 2056 dictum
385 1993 432 2057 tit.
457 2011 551 2074 proc.
577 1996 594 2076 ᾗ
616 2000 646 2058 l.
662 2013 694 2057 n.
713 1995 768 2057 tor
785 1997 817 2056 et
838 2011 924 2073 seqq.
941 2007 1016 2072 ergo
1070 1990 1346 2071 Archieplsnopum
1369 1991 1486 2071 aliquid
1507 1991 1655 2070 dicerent,
1679 2009 1694 2052 n
1718 1993 1840 2054 denun-

249 2089 374 2167 {equuur
397 2096 454 2167 est,
479 2095 513 2151 ut
540 2105 598 2169 pru
625 2086 858 2149 manutenendo
886 2086 1016 2150 veritate
1069 2083 1187 2146 uantur
1216 2105 1232 2145 e
1255 2085 1432 2164 juramento
1460 2085 1637 2166 hujusmodl
1664 2101 1729 2148 non
1748 2089 1837 2150 tens·

249 2181 342 2242 etiem
356 2186 463 2242 cotnra
477 2197 547 2243 sem
561 2179 718 2244 testificari
732 2179 845 2254 velent,
861 2179 970 2240 saltem
984 2178 1016 2239 in
1070 2175 1106 2239 ri.
1123 2199 1138 2236 o

247 2271 431 2352 subridium,
456 2291 511 2337 seu
535 2274 660 2355 quando
684 2273 735 2336 ulii
756 2279 850 2335 testes
878 2287 942 2332 nou
964 2269 1017 2332 ed·
1108 2273 1160 2332 et.
1183 2269 1332 2353 Ettujae
1345 2271 1433 2334 ratio.
1448 2292 1490 2322 -ι-
1509 2273 1636 2337 Accedit
1653 2273 1743 2349 retia,
1764 2273 1839 2354 quis

248 2373 344 2428 sont:
369 2369 455 2447 puta,
481 2369 606 2448 quando
629 2369 695 2448 lpse
718 2365 819 2430 odiult
845 2363 1017 2428 contractui
1069 2365 1131 2426 tels
1143 2365 1356 2444 juramentum
1374 2373 1422 2429 est
1444 2368 1655 2442 temerarium,
1676 2373 1707 2430 et
1729 2371 1842 2430 ooutru

247 2476 305 2540 per
320 2475 518 2523 oeconcmum
537 2461 663 2524 nomine
686 2459 830 2524 Ecclesiae
846 2457 1014 2532 celebrato,
1069 2455 1168 2518 banos
1195 2471 1300 2518 mores
1322 2461 1513 2540 prestitum
1539 2467 1648 2542 estque
1679 2461 1836 2524 vinculum

248 2571 322 2615 cum
338 2554 439 2634 aliquo
455 2555 544 2632 luico,
567 2555 619 2636 qui
634 2555 734 2618 uoluta
745 2551 1016 2635 Jempocuninur·
1069 2549 1249 2630 iniqtritatis,
1270 2567 1310 2613 ne
1334 2552 1452 2616 scillcet
1475 2555 1588 2618 verius
1610 2553 1836 2628 manifestetur,

247 2649 300 2727 get
326 2645 393 2726 ejus
421 2647 660 2723 observantiam,
685 2663 744 2709 neo
766 2643 856 2707 aliter
878 2644 937 2706 nisi
960 2658 1017 2724 per
1070 2645 1196 2724 etiustu
1210 2647 1363 2710 sententie
1378 2655 1527 2729 sequatur
1542 2669 1550 2712 τ
1566 2651 1650 2733 utqui
1669 2663 1685 2710 tt
1705 2669 1767 2715 non
1791 2657 1840 2714 est

251 2739 397 2802 clericum
411 2745 512 2820 potest
526 2740 658 2821 mahero
673 2738 914 2802 celebrationem
921 2737 1013 2814 lilius,
1071 2735 1287 2816 obligatorium
1302 2746 1409 2803 contre
1422 2741 1522 2806 bouus
1541 2758 1645 2807 mores
1666 2745 1838 2826 prestitum

250 2835 306 2893 aut
318 2831 503 2894 solutionem
517 2835 658 2912 pserunt
673 2849 692 2894 a
705 2849 741 2893 se
751 2833 817 2912 jem
831 2831 953 2894 netem.
1066 2828 1289 2908 intumentum.
1305 2851 1320 2890 n
1336 2833 1425 2912 juxte
1439 2851 1506 2914 reg.
1521 2837 1571 2899 cc
1584 2837 1664 2914 turis
1675 2837 1709 2898 in
1721 2839 1752 2899 d.
1761 2837 1841 2899 Gon-

287 2929 335 2987 tu.
359 2923 521 2989 Satrnntur
546 2927 673 2990 rationes
695 2926 859 2990 dntr'tandt.
891 2956 931 2974 -
953 2925 1018 2988 Nee
1070 2919 1839 3007 mmanr1qntastmptieiterjmonsdenonra-

248 3024 361 3100 urgent
374 3020 509 3082 rationes
523 3021 685 3083 dubitandi
700 3037 730 3084 n.
748 3023 797 3085 38.
820 3021 930 3083 ollotae.
948 3021 1017 3081 lton
1070 3014 1212 3091 velando,
1227 3019 1278 3080 vel
1291 3019 1424 3083 intendit
1446 3023 1711 3102 comprehendere
1731 3039 1838 3085 cusum

249 3112 374 3194 quidem
389 3131 458 3193 cop.
473 3113 529 3176 ult.
546 3113 584 3178 de
605 3113 775 3178 Pattntnnd.
791 3113 867 3184 Quin
887 3113 928 3174 ibi
952 3125 1017 3174 ser·
1069 3108 1239 3172 testimonii
1249 3111 1404 3190 judiciulis
1419 3128 1481 3176 uon
1494 3115 1634 3190 tetendit
1649 3122 1681 3179 et
1695 3115 1838 3179 illicitum

252 3225 304 3269 mo
319 3213 365 3268 est
379 3207 563 3270 demuucre
576 3209 729 3284 edtocuti,
744 3207 795 3271 vel
808 3207 1017 3288 procuratoris
1069 3199 1127 3263 fuit
1144 3203 1367 3282 juramentum.
1397 3211 1503 3286 utpute
1525 3207 1642 3272 tectum
1662 3217 1769 3272 contro
1786 3211 1842 3290 jus

249 3317 380 3380 quorum
390 3303 475 3380 prius
485 3301 609 3365 aliunde
624 3303 742 3366 clericis
751 3301 942 3384 prohibitum
956 3305 1014 3378 est,
1071 3297 1248 3375 superioris,
1274 3311 1301 3362 c.
1332 3299 1487 3363 Venientes.
1513 3305 1561 3366 le.
1587 3301 1624 3366 de
1640 3301 1836 3385 Jarejarund.

250 3411 318 3473 esp.
334 3409 356 3454 1.
371 3391 594 3460 dePattntond.
618 3395 772 3476 poetelius
796 3399 900 3457 autem
924 3385 1017 3456 nemo
1070 3389 1126 3451 Vel
1138 3404 1201 3451 non
1216 3391 1358 3469 intendit,
1378 3409 1436 3456 nec
1457 3395 1602 3478 cogitarit
1622 3413 1729 3459 casum
1751 3397 1839 3460 illum

254 3485 370 3548 inritus
382 3489 537 3568 suscipere
561 3489 772 3570 compellitur,
795 3490 817 3550 l.
843 3487 964 3552 Invitus.
986 3507 1015 3551 o.
1070 3484 1353 3562 comprehenderet
1371 3488 1459 3549 etsie
1470 3477 1683 3568 juramentum
1703 3491 1780 3552 illud
1797 3490 1840 3552 ud

251 3577 288 3642 de
301 3577 523 3644 Pracnrotmn't.
539 3583 635 3646 Serus
648 3591 695 3646 est
716 3583 882 3645 dicendum
896 3581 935 3644 de
957 3586 1018 3646 tes-
1070 3577 1166 3639 telem
1179 3595 1286 3639 cnsnm
1299 3595 1362 3640 non
1382 3583 1567 3663 extenditur,
1593 3589 1626 3647 et
1645 3600 1841 3665 consequen

251 3671 345 3751 tibus,
360 3689 438 3752 quos
453 3676 522 3756 cogi
535 3693 628 3756 posse
641 3675 683 3738 ud
694 3675 860 3740 ferendum
880 3673 1019 3738 testimos
1070 3674 1119 3733 ter
1132 3671 1181 3732 hic
1199 3677 1232 3736 et
1253 3689 1344 3736 nunc·
1359 3693 1423 3736 non
1442 3677 1570 3758 obliget,
1596 3695 1665 3742 cen.
1691 3675 1842 3742 fflnanoe

250 3765 349 3842 nium,
364 3768 535 3847 presertim
553 3769 605 3832 ubi
626 3771 740 3832 veritos
763 3769 887 3831 stende
909 3767 1019 3830 heberi
1071 3781 1165 3827 omes.
1184 3770 1232 3828 lt.
1248 3785 1279 3847 q.
1299 3769 1329 3830 5.
1353 3771 1400 3832 lte
1422 3779 1659 3851 argumentator
1681 3773 1787 3836 Abbos
1807 3773 1842 3834 iu

251 3873 313 3921 nen
328 3867 440 3940 potest,
457 3867 543 3942 petet
557 3877 595 3926 ex
618 3869 682 3927 toto
705 3865 764 3926 hoe
786 3863 886 3925 titulo.
908 3861 954 3924 Ad
969 3877 1020 3922 se·
1071 3873 1140 3936 cep.
1157 3857 1212 3921 ult.
1228 3875 1261 3920 u.
1276 3863 1307 3923 3.
1323 3862 1356 3924 lt.
1370 3867 1394 3926 t.
1411 3869 1441 3926 et
1454 3870 1524 3944 post
1537 3866 1641 3946 ipsum
1660 3867 1841 3930 nascardus

252 3952 388 4014 enodem
410 3954 539 4035 dicitur,
564 3958 657 4019 etium
678 3961 825 4038 cognatos
854 3961 884 4019 et
909 3955 1019 4017 niltnes
1071 3950 1122 4013 oit.
1140 3959 1249 4032 quaest.
1265 3957 1295 4017 5.
1312 3973 1343 4018 n.
1360 3959 1410 4021 50.
1433 3961 1465 4019 et
1488 3957 1678 4023 concordent
1700 3963 1840 4041 proxime

253 4045 323 4126 cogi
337 4047 377 4108 ud
397 4045 560 4110 ferendum
579 4051 801 4126 testimonium,
820 4049 944 4129 quondo
965 4049 1019 4109 eit
1071 4043 1203 4108 dicende
1218 4064 1249 4108 u.
1265 4051 1316 4110 ts.

252 4143 302 4200 ter
314 4139 430 4201 teritos
442 4141 551 4203 heberi
573 4159 636 4203 nou
657 4149 769 4223 potest,
795 4147 829 4203 ut
851 4141 969 4203 dietum
982 4159 1015 4202 u.
1111 4141 1162 4202 td.
1184 4139 1248 4202 Ima
1261 4141 1329 4203 tod'c
1346 4151 1441 4226 potest
1459 4145 1610 4226 testificari
1626 4145 1709 4210 outa
1727 4147 1841 4229 ntroin

250 4234 301 4294 tt.
317 4233 400 4294 unde
414 4234 475 4296 istc
487 4233 564 4297 ratio
579 4235 691 4298 militet
703 4235 735 4296 iu
759 4235 947 4317 oppositum.
971 4235 1019 4298 td
1072 4232 1118 4293 sat
1123 4231 1293 4315 juramenti
1302 4235 1477 4300 rndntmne
1490 4239 1623 4321 quesnois
1631 4237 1705 4303 tnnc
1713 4241 1841 4319 premitt-

250 4325 374 4388 tertiom
393 4325 514 4405 dicitur,
539 4328 639 4409 ipsem
661 4330 830 4410 procedere
852 4327 883 4388 iu
906 4327 1020 4389 instru-
1073 4327 1359 4392 teresitcanealtiac.
1385 4333 1530 4412 -ltesp
1546 4333 1582 4395 li.
1599 4333 1673 4396 Post
1687 4334 1840 4414 ejusmodi

252 4419 376 4497 meritis,
390 4434 455 4482 non
475 4421 509 4482 in
528 4419 668 4502 testibus,
695 4424 869 4501 horumque
893 4423 1020 4484 ettesn·
1069 4419 1280 4498 juramentum
1294 4423 1333 4486 de
1347 4440 1410 4485 non
1424 4425 1619 4488 testificando
1640 4427 1768 4504 luctum,
1785 4448 1842 4508 po·

253 4512 357 4586 tione3
373 4531 444 4575 cum
459 4513 582 4593 propris
595 4513 722 4576 nomine
740 4513 935 4577 instrumenti
955 4530 1019 4575 nou
1073 4513 1133 4573 test
1150 4513 1220 4591 quis
1241 4514 1272 4575 in
1295 4521 1409 4578 testem
1431 4525 1571 4592 vocatus,
1597 4537 1633 4582 ec
1656 4521 1842 4601 judicialiter

250 4606 387 4685 ueniant,
404 4615 437 4669 nt
450 4607 568 4668 dictum
590 4625 622 4670 u.
639 4611 687 4671 lt.
706 4607 842 4681 Accedit,
859 4607 943 4688 quod
956 4623 1018 4686 res,
1073 4602 1230 4682 deponere
1241 4608 1358 4688 jussus,
1374 4611 1459 4673 nullu
1474 4612 1534 4672 alio
1553 4613 1669 4692 previa
1692 4613 1774 4676 illius
1791 4617 1841 4695 ju·

251 4719 307 4764 seu
323 4715 416 4762 cause
430 4700 588 4780 ltcclesite,
599 4719 662 4762 non
678 4701 716 4762 sit
729 4719 780 4763 res
795 4703 843 4764 nel
852 4717 947 4782 censo
961 4700 1021 4763 ole-
1073 4699 1205 4759 rumenti
1229 4701 1425 4765 absolutione
1450 4705 1618 4780 testificari,
1640 4707 1791 4784 quamvis,
1815 4709 1841 4770 si

250 4797 331 4860 rici:
359 4797 444 4858 unde
469 4795 655 4875 requirendo
683 4797 786 4858 clerici
799 4796 1020 4860 testimonium
1070 4793 1281 4873 jurumentnm
1295 4795 1372 4857 illnd
1381 4797 1597 4879 sitpnblieum,
1610 4799 1838 4876 consultiussit,

254 4895 362 4955 contra
375 4890 558 4962 Ecclesiam,
573 4889 606 4949 in
619 4887 774 4952 detectum
795 4889 926 4952 ntorum
949 4905 1021 4970 pro-
1073 4885 1300 4950 nttsolutionem
1313 4891 1354 4952 ed
1367 4894 1522 4956 cautelam
1537 4892 1577 4955 cb
1591 4891 1701 4955 eodem
1721 4895 1840 4976 petere,

252 4981 426 5065 bullenum,
442 4983 623 5063 neutiquam
647 4987 795 5064 petuntur
816 4985 1022 5046 instrumente
1074 4979 1125 5040 vei
1139 4982 1260 5061 sellem,
1276 4991 1311 5047 ut
1331 4985 1428 5065 judex
1449 4987 1535 5067 prius
1557 4987 1697 5049 declaret
1719 4985 1842 5050 nuilite·

251 5079 376 5139 cdomo
390 5077 571 5141 adversarii.
596 5075 1021 5156 (tunoltrtotadaateea
1073 5080 1137 5136 ten
1152 5077 1229 5156 eJus.
1252 5077 1297 5140 lta
1320 5079 1428 5142 Glcssa
1449 5081 1482 5142 in
1505 5097 1573 5160 cap.
1590 5080 1645 5143 ult.
1674 5081 1707 5159 t.
1731 5077 1842 5143 Socra·

252 5164 371 5252 hujusce
383 5167 559 5252 voluminis.)
1073 5170 1338 5235 montaneae.
1355 5179 1387 5235 et
1396 5173 1499 5236 Abbae
1507 5175 1581 5237 ibid.
1593 5193 1623 5238 n.
1638 5178 1666 5239 3.
1676 5176 1708 5237 lt.
1718 5181 1738 5238 t.
1754 5175 1843 5250 Ναὶ·

290 5265 339 5325 tt.
362 5261 541 5344 Pateetcopi
560 5261 601 5324 ad
621 5257 842 5346 testificandam,
863 5261 917 5346 qni
929 5263 1021 5347 jaro-
1072 5260 1168 5324 tensis
1181 5265 1252 5328 ned.
1267 5283 1302 5328 n.
1321 5267 1357 5342 ὃς
1380 5265 1509 5350 Pirhing
1528 5285 1558 5333 n.
1583 5271 1640 5343 lt;
1663 5269 1843 5333 Moscsrdus

252 5365 347 5422 menta
358 5375 388 5420 te
401 5356 557 5420 otttrtnrr‘t
569 5355 610 5419 od
620 5355 699 5420 citit
708 5355 870 5436 debeldum,
881 5377 931 5423 nec
944 5357 1022 5423 teett'·
1074 5356 1254 5449 cittquaest.
1270 5361 1300 5442 b',
1316 5377 1348 5423 n.
1364 5361 1420 5438 tm
1435 5361 1615 5426 Furinecius
1629 5359 1660 5428 d.
1671 5365 1840 5446 quest'ltt,
