4064 6062
253 329 341 406 §lV.
365 331 415 392 DE
436 329 728 405 GONJUNG'l'lONll,
751 333 799 392 AC
820 331 1099 395 PRAEVALENTlA
1122 331 1474 405 PRAEsUMPTIONUM,
1497 331 1578 394 ETG.
1653 329 1710 388 tte

126 467 237 534 textus,
253 461 431 540 etamplius
445 460 890 538 declaratGlossai.Nolletat
942 465 1076 528 mientus
1106 464 1208 527 Seleu.
1237 464 1426 546 Interpretot.
1456 463 1509 526 lib.
1534 465 1564 535 l,
1590 481 1659 543 cap.
1684 481 1708 536 1,

124 577 166 619 eu.
184 561 216 619 et
230 555 424 618 Abbasibid.
440 576 473 617 n.
489 559 503 618 l
522 562 552 618 et
565 561 595 618 l.
611 556 689 618 Hinc
698 555 781 618 enim
790 561 886 637 patet,
943 577 1036 640 quem
1051 559 1190 637 sequitur
1203 559 1300 638 linget
1315 560 1346 620 h.
1367 565 1390 621 ι.
1407 575 1437 620 n.
1459 559 1488 623 b.
1511 557 1588 629 Quia
1609 559 1709 638 maj0r

125 650 205 730 quod
233 669 298 712 non
325 667 421 727 pravo
447 649 553 710 animo
579 647 756 712 colltidendi
782 654 890 713 contra
942 655 992 716 vel
1004 653 1107 714 minor
1119 652 1260 731 probatio
1275 671 1338 714 non
1352 658 1459 733 auget,
1474 669 1578 730 neque
1598 651 1711 712 minuit

124 743 368 822 matrimonium,
384 743 437 804 aed
460 743 501 804 ob
522 743 702 824 religionem
722 744 889 824 juramenti
944 746 1091 808 malitiam
1105 745 1313 825 delinquentis
1330 763 1337 805 ε
1354 751 1384 807 et
1398 745 1422 805 si
1433 743 1472 807 ob
1483 742 1708 824 graviaindicia

124 835 237 898 dictum
251 835 478 899 contessionem
491 836 631 899 fecerint.
944 837 1249 900 rensfnerittorturae
1259 837 1427 916 subjectus,
1439 835 1710 916 negaverittameu

162 934 211 993 69.
236 929 334 994 Causa
349 930 400 992 illu
414 930 446 991 in
459 930 891 1012 quoepiturdepcccotocormis
944 950 977 992 sc
994 929 1170 1010 deliquisse,
1191 930 1256 1009 jam
1280 935 1448 991 censentur
1470 933 1609 1008 purgatae
1632 943 1710 1006 prae-

124 1023 163 1085 sul
181 1022 367 1086 obtinendum
387 1022 556 1097 ds'vortium,
578 1041 636 1084 nou
655 1033 697 1086 est
716 1024 889 1102 criminalis,
945 1024 1146 1104 sumptiones,
1162 1026 1193 1085 et
1206 1022 1338 1095 indicic3
1361 1021 1466 1100 sicque
1487 1039 1560 1104 reus
1581 1021 1639 1082 erit
1656 1019 1711 1080 ab·

122 1118 173 1180 sed
186 1117 273 1200 quum
283 1117 380 1179 misto
394 1118 469 1180 inter
481 1117 593 1178 ciuilem
606 1127 634 1180 et
647 1117 835 1182 criminalem.
851 1150 892 1166 ·-
945 1117 1122 1180 solvendus.

123 1211 264 1285 Accedit,
274 1209 359 1290 quod
369 1211 399 1272 iu
409 1211 508 1273 citatis
519 1211 658 1292 capitulis
668 1230 731 1272 non
742 1212 780 1273 sit
788 1229 890 1274 sermo
984 1212 1034 1274 73.
1050 1209 1259 1272 Potesttamen
1274 1214 1397 1290 propter
1418 1207 1481 1290 apso
1502 1205 1624 1282 indicto,
1646 1225 1712 1288 que

123 1304 160 1365 dc
176 1305 279 1366 causis
293 1307 417 1384 proprie
432 1304 653 1378 criminalibus
673 1322 729 1366 seu
748 1303 892 1366 crimina·
945 1301 980 1366 de
992 1323 1021 1366 se
1033 1301 1110 1364 matu
1129 1309 1206 1377 sumt,
1227 1319 1312 1382 poerto
1332 1298 1569 1362 extraordinario
1589 1297 1711 1379 imponi.

122 1399 194 1460 liter
213 1397 318 1474 motis,
341 1398 380 1458 de
402 1397 514 1476 quibus
535 1399 670 1477 loquitur
692 1404 797 1460 nostra
820 1416 893 1459 con·
946 1395 1034 1467 Quod
1053 1395 1078 1456 si
1092 1395 1196 1454 forsan
1210 1391 1363 1472 ejusmodi
1377 1391 1491 1452 indioie
1505 1391 1545 1452 de
1559 1409 1593 1452 se
1612 1389 1714 1452 forent

123 1492 233 1554 clusio.
250 1490 410 1570 Siquidem
424 1491 466 1552 ibi
480 1510 544 1553 non
553 1491 703 1572 agebatur
713 1491 751 1552 de
764 1497 891 1571 peccato
946 1490 1039 1564 mala,
1064 1495 1095 1552 et
1117 1489 1211 1567 digna
1235 1485 1397 1565 cujusdam
1420 1501 1520 1564 poenae
1544 1483 1714 1546 extraordi-

123 1585 227 1647 carnis
249 1585 290 1646 ad
312 1602 436 1663 poenam
457 1584 623 1663 publicum,
645 1601 700 1644 seu
723 1584 893 1664 legitimam
946 1582 1061 1645 uariae:
1078 1585 1152 1644 tunc
1166 1577 1713 1658 locumbaberepoteritseutentiem

83 1693 88 1710 ·
123 1677 341 1739 inferendam:
366 1677 421 1738 sed
444 1676 475 1737 in
500 1677 606 1738 ordine
628 1677 668 1740 ad
691 1677 894 1739 obtinendum
947 1675 1114 1739 lnnoccntii
1129 1675 1160 1734 in
1181 1693 1208 1736 c.
1233 1673 1307 1749 (luia
1328 1671 1492 1734 ceriumile.
1515 1689 1547 1732 ιι.
1564 1673 1595 1747 5,
1618 1671 1650 1730 h.
1668 1676 1710 1739 t.;

124 1769 293 1832 disortium
307 1767 411 1848 quoad
432 1767 568 1842 thorum,
591 1767 640 1828 vel
659 1767 893 1829 dissolutionem
947 1771 1042 1832 Felini
1058 1789 1086 1832 c.
1101 1769 1225 1850 Afferte.
1243 1788 1275 1828 u.
1291 1771 1321 1828 6.
1338 1770 1369 1828 et
1387 1783 1474 1843 seqq.
1495 1763 1588 1837 eod.;
1607 1763 1715 1824 Menc-

123 1860 316 1923 matrimonii
340 1859 463 1936 nulliter
486 1859 645 1934 contracti,
670 1859 712 1921 uti
736 1858 833 1938 liquet
856 1877 894 1919 ex
948 1863 1008 1924 chii
1031 1863 1084 1924 lib.
1110 1865 1132 1924 l.
1156 1861 1191 1924 dc
1212 1856 1501 1939 Presumptiouitus.
1527 1861 1637 1935 quest.
1662 1855 1712 1914 9⁵1.

125 1959 222 2016 textu.
241 1953 333 2033 Atqui
347 1953 525 2032 thusmodi
540 1939 894 2035 causancnestproprie
948 1973 979 2018 ιι.
996 1957 1044 2018 23.
1063 1961 1094 2016 et
1106 1958 1155 2016 ιιι.
1172 1972 1210 2015 ac
1224 1970 1310 2030 seqq.
1328 1957 1360 2012 et
1380 1950 1511 2012 aliorum
1530 1947 1712 2021 volentium,

123 2050 305 2126 criminalis,
328 2048 414 2110 haud
431 2049 584 2123 obstante,
607 2049 690 2128 qnod
712 2049 744 2110 in
765 2066 803 2110 ea
826 2047 894 2127 quis
948 2047 1033 2126 quod
1047 2047 1072 2106 si
1086 2045 1239 2107 sententia
1254 2041 1411 2104 diffinitiva
1425 2038 1532 2113 fertur,
1553 2042 1586 2101 et
1603 2038 1715 2116 aliquis

123 2148 291 2206 accusetur
304 2142 342 2204 dc
362 2142 487 2204 crimina
508 2143 644 2215 carnali;
667 2142 723 2204 sed
744 2148 791 2204 est
806 2142 894 2222 quusi
949 2139 1223 2202 condemnaturus
1245 2133 1539 2218 praesumptionibus
1559 2131 1712 2212 violentis,

122 2237 223 2300 mixta
236 2235 317 2297 inter
330 2235 451 2296 civilem
466 2243 495 2298 et
510 2235 717 2308 criminalem
736 2242 828 2318 prout
842 2237 896 2297 ha·
945 2236 1042 2330 Judex
1055 2234 1188 2295 multum
1202 2232 1316 2293 debeat
1329 2236 1507 2306 temperare
1516 2224 1714 2298 sententiam,

123 2331 219 2392 betur
234 2347 261 2392 c.
281 2329 351 2390 litte
364 2328 555 2410 fraternitati.
571 2333 601 2390 5.
621 2329 656 2390 dc
673 2328 893 2391 Procuratora'b
949 2333 990 2392 ita
1005 2335 1116 2390 utnon
1136 2325 1333 2399 condemnet,
1356 2321 1415 2382 nisi
1437 2338 1519 2396 raro,
1537 2325 1567 2380 et
1587 2319 1627 2379 ad
1647 2334 1715 2378 mo-

123 2423 233 2486 ubido
255 2423 308 2486 tali
323 2441 398 2484 casn
413 2423 456 2486 sic
475 2423 590 2502 legitur
606 2442 613 2483 :
641 2422 819 2495 «Quoniam
838 2423 896 2484 hu·
950 2423 1052 2484 dicam
1065 2437 1202 2499 pienum.
1218 2418 1299 2480 Talis
1314 2417 1428 2496 quippe
1447 2429 1540 2493 poena
1554 2413 1657 2492 potest
1670 2410 1718 2470 in-

119 2517 258 2598 jusmodi
273 2517 430 2580 accusatio
453 2517 502 2594 (dc
517 2515 683 2596 adulterio)
703 2518 759 2579 etsi
780 2517 819 2578 de
838 2516 894 2577 cri·
949 2515 1013 2591 fligi
1027 2517 1154 2593 propter
1167 2511 1281 2573 iudicia
1302 2509 1420 2589 gratim
1443 2507 1475 2568 et
1496 2506 1553 2569 rite
1573 2504 1715 2584 probata,

123 2613 208 2674 minc
236 2612 308 2691 fiat,
337 2630 401 2674 uon
428 2618 475 2674 est
501 2617 606 2675 tamen
631 2611 814 2685 criminalis,
840 2609 896 2671 scd
950 2605 1002 2667 ubi
1017 2607 1084 2667 haec
1103 2606 1142 2667 dc
1164 2622 1197 2666 sc
1217 2604 1301 2665 mals
1321 2607 1404 2676 sunt,
1426 2607 1456 2662 et
1474 2599 1568 2679 digna
1588 2597 1718 2677 aliqu'us

123 2705 216 2785 quasi
230 2705 327 2767 mixta
342 2705 422 2766 inter
438 2703 558 2766 civilem
574 2709 604 2766 et
618 2703 820 2765 criminalem.
837 2725 851 2762 u
950 2717 1051 2781 poene
1066 2697 1329 2761 extraordinariae.

164 2801 215 2859 ιθ.
240 2796 318 2858 Reus
331 2796 367 2858 ot
379 2795 453 2858 solos
471 2795 644 2860 uehementes
660 2795 897 2877 praesumptiones
990 2798 1039 2858 ll.
1057 2795 1127 2872 Ouoe
1140 2794 1179 2854 sit
1191 2791 1328 2873 oblipotio
1342 2790 1437 2872 lupum
1451 2788 1481 2849 ia
1493 2784 1719 2869 presumptione

124 2892 155 2950 in
176 2897 270 2952 tunsis
293 2887 492 2951 criminalibus
512 2909 570 2950 noa
591 2897 633 2951 est
653 2887 894 2951 cmdmnaudm.
950 2887 1153 2967 fundatorum.
1169 2885 1335 2949 Remissiue.
1352 2914 1391 2930 -
1405 2883 1555 2953 Quaeritur
1575 2881 1625 2941 lll.
1642 2879 1717 2948 Qum

126 2983 476 3064 -Remanetproinde,
487 2983 604 3061 quodsi
615 2983 897 3044 solevebementes
951 2982 990 3043 sit
1004 2980 1151 3058 obligatio
1171 2980 1275 3058 legum
1297 2978 1329 3039 ιιι
1350 2974 1590 3057 presumptione
1607 2969 1719 3036 funda-

124 3080 326 3158 conjecturae,
342 3095 398 3138 seu
417 3076 674 3155 presumptionem
695 3083 839 3155 urgeant,
862 3074 894 3134 in
950 3079 1051 3136 tarum
1062 3079 1074 3136 t
1087 3077 1179 3152 Resp.
1200 3075 1244 3134 De
1258 3072 1318 3132 boc
1333 3089 1371 3132 ex
1386 3069 1537 3150 professo,
1555 3084 1591 3126 ac
1604 3064 1716 3136 fusius,

124 3172 228 3234 causis
250 3168 465 3231 criminalibus
486 3168 688 3230 criminaliter
710 3168 802 3229 motis
825 3185 896 3229 reus
951 3167 1067 3229 dictum
1083 3184 1151 3230 esse
1165 3164 1309 3245 superins
1322 3163 1375 3224 lib.
1391 3165 1414 3224 l.
1434 3163 1479 3225 tit.
1495 3165 1530 3224 ll.
1546 3160 1589 3224 De
1604 3157 1717 3222 Comu-

124 3283 186 3326 non
202 3264 244 3324 sit
256 3263 513 3324 condemnandus
530 3281 537 3323 :
554 3261 609 3322 sed
627 3261 677 3322 rel
696 3261 723 3322 ia
741 3260 781 3322 ad
800 3265 897 3322 extor-
952 3261 1116 3323 tutioribus.
1132 3261 1193 3340 ξι,
1209 3279 1240 3320 n.
1259 3263 1329 3338 loe,
1349 3275 1446 3336 usqua
1461 3257 1501 3318 ad
1515 3273 1547 3314 ιι.
1565 3256 1633 3316 t'lti.
1655 3269 1717 3331 quo

123 3356 284 3436 quendam
307 3353 534 3416 confessionem
555 3353 736 3432 subjiciatur
756 3357 895 3428 tortura,
950 3353 1081 3432 proinde
1096 3351 1266 3415 benevolus
1279 3351 1378 3414 lector
1390 3347 1567 3410 remittitur.

123 3455 265 3529 spectato
279 3449 453 3529 presertim
464 3448 534 3526 jura
549 3446 629 3509 civili
646 3465 654 3508 ε
677 3446 727 3509 vel
744 3445 802 3526 ipsi
821 3445 898 3508 indi·

123 3549 214 3605 catur
227 3541 373 3622 purgatio
387 3539 547 3614 canonica,
567 3541 655 3621 juxta
676 3557 781 3601 sacros
802 3557 896 3602 cano·
1293 3563 1373 3644 §qq

123 3655 198 3712 nes,
229 3641 285 3697 tot.
314 3635 361 3697 ιιι.
396 3632 432 3696 de
465 3633 594 3715 Purpot.
629 3653 730 3696 conon.
766 3634 899 3712 (ADNO·

122 3730 239 3792 ΤΑΤΙΟ
252 3729 308 3809 Χι)
951 3747 1718 3811 pecorinum1oun,ncenuvcnusr1sanemur-

162 3826 216 3884 Ἡ·
240 3823 291 3883 At
313 3820 370 3882 ‘⁰2²'
384 3839 432 3882 ’¹⁰⁰
448 3839 536 3902 lma
555 3819 792 3882 effiminat&
810 3821 899 3901 imit
990 3841 1675 3908 pronun,anieronuomnmsnmuumsencm.

123 3915 267 3997 injuapi?
281 3916 377 3977 -An
392 3921 497 3976 autam
509 3913 563 3976 tuli
578 3931 632 3974 reo
647 3931 743 3992 poena
758 3919 894 3976 exuens

123 4008 249 4070 dinariu
271 4005 366 4086 possit
385 4005 495 4085 injugi,
518 4006 692 4086 spectandis
714 4014 805 4080 crunt
826 4007 895 4069 alim
990 4013 1040 4073 75.
1063 4009 1100 4070 In
1113 4006 1206 4069 cousus
1220 4005 1350 4067 civilibus
1361 4005 1463 4086 plures
1479 4003 1718 4086 presumptione

124 4098 382 4173 circumstantiae,
410 4117 476 4179 arg.
499 4117 527 4161 c.
552 4098 680 4161 Litteras
702 4107 818 4162 vestros.
846 4105 894 4163 tt.
949 4111 1069 4187 possunt
1082 4100 1223 4184 coujuoqi
1241 4099 1281 4162 ud
1298 4098 1459 4182 tomentum
1475 4099 1591 4179 plutum
1609 4096 1716 4178 probu-

124 4195 155 4254 b.
169 4201 194 4254 t.
211 4191 266 4252 ubi
281 4189 415 4268 cuipiam
429 4190 468 4251 de
482 4189 593 4252 heresi
608 4191 742 4271 graviter
755 4197 897 4272 suspecto
951 4199 1067 4260 unum.
1092 4227 1132 4243 -
1155 4195 1309 4266 Quantus
1331 4195 1353 4255 l⁴
1379 4195 1488 4256 Utrum
1511 4192 1618 4273 plures
1639 4208 1718 4271 prae-

124 4283 897 4367 poenaextraordinariafuitinjuucta:nonquidem
951 4288 1143 4368 sumptiones
1152 4285 1429 4367 conjungantnrad
1438 4284 1614 4345 taciendam
1622 4301 1718 4344 unam

122 4384 257 4460 propter
276 4377 444 4456 ipsummet
463 4378 579 4438 cumen
600 4377 739 4455 haeresis,
762 4379 835 4458 quia
858 4379 896 4440 de
950 4383 1098 4462 plenamt
1118 4380 1210 4459 Resp.
1229 4382 1253 4441 Ι.
1276 4381 1310 4440 ln
1330 4377 1431 4439 causis
1452 4375 1592 4438 civilibus
1613 4375 1718 4454 plures

122 4481 190 4536 tam
206 4470 293 4552 gravi
308 4469 438 4531 crimine
452 4489 514 4532 non
528 4471 586 4534 tuit
604 4473 771 4546 convictus,
793 4491 897 4552 neque
950 4473 1207 4554 presumptiones
1231 4478 1361 4551 possunt
1387 4469 1553 4548 conjungi3
1584 4470 1716 4548 duaeque

123 4563 378 4628 condemnatus:
402 4565 457 4624 sed
476 4571 604 4646 propter
624 4565 736 4626 indicia
757 4567 894 4642 haeresis,
950 4561 1717 4644 earumiaciuntpleuemprobationem,dummodo

123 4677 198 4739 quse
208 4659 334 4720 luerunt
343 4655 383 4718 dc
394 4675 427 4720 se
437 4659 531 4734 mala,
542 4666 572 4721 ct
582 4660 778 4735 scandalosa3
791 4661 896 4740 sicque
950 4659 1080 4723 seorsim
1094 4656 1242 4719 inducant
1255 4656 1364 4718 saltem
1382 4653 1587 4733 semiplenam
1604 4654 1717 4732 proba-

123 4773 164 4814 ex
189 4768 223 4812 se
243 4751 310 4830 jam
333 4757 586 4827 promeruerunt.
596 4752 732 4832 aliquam
755 4771 894 4833 poenam,
950 4755 1076 4816 tionem.
1087 4754 1132 4813 lte
1141 4751 1248 4812 Glossa
1257 4749 1327 4810 inc.
1340 4747 1415 4810 Cum
1423 4767 1550 4810 causum.
1563 4751 1594 4824 i.
1608 4747 1712 4809 Testes.

124 4844 240 4905 saltem
256 4844 461 4908 arbitrariam.
493 4903 495 4906 ,
823 4837 826 4844 ’
951 4854 981 4908 et
997 4850 1028 4923 i.
1044 4842 1241 4907 Admiuicula.
1256 4841 1291 4904 dc
1306 4840 1474 4906 Probation.
1492 4848 1523 4903 et
1536 4841 1596 4903 alie
1611 4840 1718 4902 Gloasa

165 4937 218 4996 τι.
247 4934 370 5012 Dacos,
398 4935 475 5018 quod
496 4935 560 5016 quta
581 4937 694 5018 majore
722 4937 768 5000 vel
787 4940 897 5004 minore
952 4937 982 4998 in
996 4955 1024 4999 c.
1040 4935 1122 4998 Illud
1133 4953 1254 5016 quoque.
1271 4937 1303 5012 ir.
1319 4933 1413 4996 Fumo
1427 4931 1491 4994 loci·
1510 4934 1617 5012 juncto
1632 4936 1718 4994 textu

121 5047 213 5110 poeno
226 5027 265 5088 sit
279 5027 460 5109 afficiendus,
475 5046 506 5089 eo
519 5029 596 5109 quod
604 5027 737 5092 delictum
748 5033 841 5114 mopis
856 5032 901 5095 cel
950 5031 1025 5093 ibid.
1047 5031 1080 5092 h.
1105 5033 1128 5092 t.
1154 5029 1227 5090 etl.
1251 5029 1459 5090 Instrumenta.
1485 5046 1512 5089 o.
1537 5025 1572 5088 de
1594 5025 1715 5088 Probat.

124 5121 225 5182 ntimo
246 5119 338 5200 fuerit
359 5121 527 5202 probatum,
553 5129 595 5182 est
621 5121 830 5186 inconvenieus.
859 5159 899 5174 -
952 5125 1056 5188 Abbes
1083 5142 1109 5186 c.
1139 5123 1167 5184 A
1196 5121 1285 5184 notu.
1312 5140 1343 5183 n.
1367 5125 1398 5182 ι.
1423 5121 1482 5197 (lui
1501 5118 1719 5204 omtrimqm'um

124 5217 238 5276 Dicere
253 5219 368 5288 autem,
385 5215 468 5293 quod
483 5215 552 5294 quis
571 5219 688 5297 majore
709 5216 757 5279 vel
778 5217 898 5280 minore
952 5237 1044 5280 muts.
1068 5235 1144 5299 pota.
1170 5216 1223 5278 nbi
1246 5217 1299 5290 ait,
1325 5215 1409 5294 quod
1432 5211 1525 5275 variae
1549 5229 1719 5292 presump-

126 5325 225 5389 poena
238 5309 278 5371 sit
291 5307 483 5383 afficiendus,
496 5325 534 5369 eo
544 5309 628 5387 quod
638 5309 784 5372 delictum
798 5313 898 5394 magis
953 5313 1051 5376 tiones
1064 5311 1212 5392 conjungi
1225 5311 1343 5391 possint
1362 5310 1403 5371 ad
1416 5307 1601 5370 sententiam
1620 5305 1720 5386 prole-

126 5403 180 5465 vel
193 5402 296 5463 minus
309 5399 403 5463 fuerit
415 5400 591 5482 probatum,
614 5403 704 5466 nimis
725 5407 773 5467 est
792 5405 899 5468 incon·
952 5404 1093 5470 rendam.
1110 5404 1252 5466 Bartolns
1265 5405 1286 5465 l.
1303 5404 1506 5467 Eccusootur.
1522 5401 1540 5480 ᾗ
1559 5397 1622 5462 Viso
1635 5399 1716 5482 quill.

127 5493 278 5566 renisum
308 5503 401 5573 prout
436 5493 581 5555 observat
614 5493 793 5559 Franciscus
826 5499 898 5560 Sar·
951 5499 983 5563 ff.
1000 5499 1035 5562 tle
1051 5498 1246 5562 Ecuuotiou.
1270 5505 1356 5560 tutor.
1369 5517 1380 5573 ;
1402 5497 1498 5558 tason
1519 5495 1551 5556 in
1573 5493 1672 5577 ltepet.
1695 5495 1717 5556 l.
