4026 6054
293 226 353 294 ere
444 222 515 286 ΠΒ.
537 223 586 290 nr.
607 221 816 290 receptet.
837 222 911 287 ΤΙΤ.
932 223 955 290 t.
977 219 1029 285 DE
1049 219 1139 289 vira
1159 219 1208 282 ter
1226 212 1454 287 nascerere
1473 215 1725 284 GIAERIGORUM.

293 361 437 425 notanter
448 355 569 436 inquit:
589 353 762 430 «Quoniam
777 352 1059 434 quidquidbabent
1109 359 1332 432 tonsuramque
1347 351 1881 438 doricorumettraosgremortem
2006 375 2007 396 ,

292 450 406 528 cleriei,
422 452 673 530 pauperrimam
689 455 721 514 et
733 448 846 518 domm
855 447 977 514 iliorum
989 465 1056 515 om·
1109 449 1211 514 certes
1236 462 1347 526 poenus
1373 444 1547 524 imponens.
1585 447 1738 528 Haecque
1765 449 1882 514 additis

291 544 382 612 nibus
404 542 520 608 echert
547 559 615 606 esse
643 558 842 614 communem
867 537 1056 622 susceptioni
1109 539 1177 604 eliis
1185 537 1298 620 poenis,
1309 539 1639 608 innovavitconoitium
1649 543 1879 618 Tridentium,

291 635 529 718 peregrinorum
550 641 582 702 11
608 634 787 715 hospitum,
815 629 976 714 invigilare
1003 629 1058 695 de·
1110 651 1186 700 sees.
1206 632 1594 716 saepememorati.
1616 635 1768 719 optimam
1784 637 1882 716 hujm

291 729 403 808 bento
422 734 481 792 etc.
1109 727 1244 796 reddens
1257 726 1409 795 rationem
1422 727 1483 793 illis
1496 727 1617 794 verbis:
1637 751 1655 793 1
1675 731 1740 794 Etsi
1753 731 1882 798 babitus

331 827 381 890 11.
402 819 496 906 quue
507 820 544 904 fit
552 819 686 902 pleribus
699 819 734 884 de
746 818 849 884 music.
860 851 900 874 -ι-
913 820 1008 900 quue
1021 818 1058 882 tit
1109 839 1173 887 noa
1192 820 1285 888 iaciat
1305 820 1506 900 monachum,
1531 825 1654 902 oportet
1673 829 1780 889 tamen
1792 824 1883 886 cleri·

291 913 1057 998 11111111111111111111111111111111111111
1110 933 1165 980 eos
1178 920 1281 978 vestes
1300 913 1427 996 proprio
1449 919 1659 996 congruentes
1681 915 1782 984 ordini
1797 935 1883 982 sem·
2007 981 2008 990 ,

292 1011 324 1073 11
337 1011 473 1084 Sumam,
488 1011 535 1076 tit.
546 1009 583 1072 de
594 1007 890 1090 Temporibordinot.
907 1027 939 1072 u.
956 1012 1006 1075 20.
1023 1009 1054 1084 t·
1109 1026 1167 1089 per
1186 1008 1307 1076 deterre
1318 1053 1326 1084 ,
1337 1039 1340 1046 ·
1352 1011 1387 1070 ut
1404 1024 1460 1086 per
1482 1008 1657 1079 decentiam
1674 1010 1801 1077 habitus
1829 1028 1883 1072 ex·

290 1104 435 1186 Septimo.
456 1102 560 1169 Primo
588 1100 743 1182 siquidem
773 1118 837 1166 non
856 1102 959 1180 potest
988 1115 1056 1164 esse
1109 1100 1249 1180 moreni,
1283 1117 1406 1169 morum
1439 1101 1638 1172 tenesmum
1676 1104 1884 1176 intrinsecam

290 1195 506 1278 hospitalitatis
532 1195 729 1268 exhortator,
752 1194 805 1273 qui
825 1194 953 1258 domum
967 1209 1056 1257 suam
1110 1195 1319 1259 ostendente
2008 1255 2009 1280 ,

289 1289 464 1374 hospitibus
478 1287 604 1365 claudit,
620 1287 672 1349 cit.
689 1286 759 1348 dist.
774 1290 824 1348 ta.
845 1287 908 1366 §L
923 1287 1055 1360 Deinde,
1149 1293 1199 1354 61.
1222 1285 1447 1370 Hoecottipctio
1459 1287 1603 1354 emerit
1620 1287 1733 1353 clericae
1747 1289 1885 1352 maccrie
2008 1297 2009 1366 t

289 1385 390 1466 pietas
412 1381 631 1464 hospitalitatis
647 1381 1056 1462 remuneraturtempoma-
1109 1380 1258 1450 ordinibus
1275 1381 1451 1459 constitutos,
1467 1398 1501 1444 uc
1522 1381 1611 1446 etiam
1628 1381 1743 1447 clericos
1757 1381 1887 1466 inseno-

291 1484 357 1552 ter,
383 1483 415 1544 et
440 1477 645 1552 etemaliter3
677 1477 767 1555 iuxta
793 1475 869 1541 illud
902 1475 1054 1556 Apostoli.
1109 1497 1166 1558 reo,
1188 1477 1216 1540 ri
1235 1475 1401 1559 beneficium
1423 1475 1643 1541 eccleeiarticum
1662 1475 1824 1544 aetimare.
1841 1513 1885 1528 -

290 1573 314 1638 1.
329 1569 453 1635 Timotlt.
465 1587 506 1643 rr,
517 1573 583 1644 7,8.
593 1569 712 1636 Bcerce
720 1578 747 1631 te
755 1569 850 1650 ipsum
859 1567 900 1632 ad
904 1569 1056 1654 pietatem:
1109 1573 1204 1654 Rasp.
1219 1573 1254 1640 tt.
1274 1569 1457 1651 Huiusmodi
1478 1569 1626 1652 obligatio
1644 1570 1807 1639 deierandi
1821 1574 1885 1638 ha-

290 1685 358 1728 aooa
371 1663 530 1747 corporalis
544 1663 661 1748 quidem
674 1663 843 1728 ecmcitotio
857 1662 898 1726 od
913 1662 1056 1726 modicum
1108 1664 1219 1738 bitum,
1243 1669 1275 1728 et
1296 1669 1482 1738 tonsuram,
1497 1680 1563 1726 non
1588 1664 1691 1734 solum
1717 1670 1885 1732 concernit
2009 1652 2010 1680 ἶ

289 1757 370 1823 uate
383 1768 443 1836 est,·
460 1759 553 1840 pictos
566 1766 663 1822 audem
676 1755 755 1821 uate
776 1766 817 1823 eat
829 1756 869 1822 od
880 1757 986 1836 onom,
1002 1755 1057 1818 lra-
1109 1756 1237 1822 clericos
1255 1755 1289 1821 in
1307 1757 1403 1820 sacris
1423 1753 1584 1820 ordinibus
1605 1757 1805 1836 constitutum
1821 1763 1883 1826 sed

289 1851 586 1936 conspiracionem
609 1852 687 1927 aitte,
713 1869 778 1934 qam
800 1870 876 1916 cunc
894 1851 1054 1934 1111111-
1109 1852 1204 1916 etiam
1218 1850 1347 1918 clericos
1360 1848 1534 1928 interiores,
1545 1849 1770 1918 sibeueticium
1779 1857 1883 1922 eccle·

289 1955 373 2014 11111,
389 1945 527 2014 sermm
539 1945 734 2028 hospitalitas
747 1943 790 2008 ita
804 1945 906 2028 placet
919 1947 996 2020 Deo,
1022 1949 1056 2008 ut
1108 1943 1267 2012 siasticum
1294 1941 1441 2010 habeant.
1471 1944 1515 2012 lta
1547 1945 1738 2022 mmmmm
1768 1951 1883 2030 estque

288 2040 417 2122 quidam
430 2038 558 2118 angelos
572 2037 706 2118 bospitio
724 2037 878 2118 recepisse
899 2037 1054 2118 legemur,
1109 2053 1267 2118 expresse,
1289 2040 1321 2100 et
1339 2037 1467 2117 quidem
1481 2035 1540 2103 sub
1558 2039 1749 2120 pravissimis
1763 2043 1882 2122 poenis,

288 2131 727 2210 1110111111111111111.
753 2135 818 2196 lmo
840 2135 872 2197 et
890 2132 1056 2197 Dominum
1109 2133 1260 2194 statutum
1283 2129 1315 2190 in
1336 2129 1503 2194 11101111.
1527 2129 1680 2208 Quoniam.
1705 2136 1734 2201 2.
1758 2134 1791 2200 h.
1808 2142 1832 2200 t.
1848 2143 1886 2200 et

289 2227 499 2308 Angelorum
524 2228 569 2292 ati
592 2225 708 2290 iactum
720 2223 854 2292 retertur
867 2226 900 2290 in
913 2225 1055 2309 pluribus
1109 2220 1239 2286 concilio
1254 2219 1449 2296 tridentino,
1462 2239 1538 2284 sess.
1555 2227 1604 2288 tr.
1620 2243 1694 2305 cap·
1711 2242 1753 2294 rn
1768 2225 1806 2288 de
1817 2227 1883 2292 Ite-

288 2319 436 2393 bistoriis,
451 2327 483 2384 et
496 2320 664 2384 concordet
678 2319 754 2382 illud
768 2319 948 2394 salvatoris,
959 2335 1056 2398 quon-
1108 2316 1196 2399 [orm.
1209 2314 1298 2395 cujus
1311 2314 1408 2386 rerba
1421 2315 1550 2384 interius
1563 2334 1594 2381 n.
1607 2320 1676 2382 160.
1689 2320 1883 2401 referentur,

287 2411 361 2476 eam
384 2412 418 2476 in
440 2412 490 2477 die
512 2415 643 2478 extremi
660 2413 769 2492 judicii
789 2413 831 2476 ed
851 2413 966 2479 electas
982 2429 1056 2476 suos
1110 2407 1293 2494 explicando
1322 2407 1414 2472 111111
1448 2426 1559 2490 poenas
1594 2415 1886 2496 menegressoribns

288 2504 408 2582 dicturi
425 2505 534 2572 llottt.
549 2523 619 2582 m,
634 2509 685 2570 35.
701 2507 813 2589 Hospes
827 2525 919 2583 eom,
930 2513 958 2570 et
970 2505 1056 2570 colle-
1109 2507 1252 2569 statutae.
1269 2501 1397 2568 Accedit
1410 2503 1587 2570 comtitutio
1601 2508 1651 2578 91.
1667 2507 1742 2577 Sinti
1757 2509 1795 2572 V.
1807 2529 1885 2592 qnae
2011 2567 2012 2596 ,

286 2598 372 2682 poto
384 2616 439 2662 me.
448 2599 486 2663 lit
499 2599 582 2675 hinc,
591 2600 674 2680 quod
689 2599 729 2662 ab
742 2599 951 2680 pluralitatem
960 2599 1057 2665 bene-
1108 2595 1234 2678 incipit,
1254 2617 1269 2654 1
1287 2595 1365 2657 Cum
1387 2604 1619 2662 sacrosanctum
1641 2623 1655 2660 1
1673 2603 1725 2680 (et
1747 2603 1888 2668 retertur

286 2691 450 2767 liciorum,
486 2691 579 2756 simul
606 2711 625 2754 a
654 2693 812 2756 nonnullis
838 2699 1054 2766 retentorum,
1109 2689 1886 2776 111111111111111111111111111111-

292 2805 309 2846 1
326 2783 518 2864 hospitalitas
539 2787 571 2847 in
585 2785 661 2866 ipsis
680 2785 843 2850 beneficiis
869 2787 973 2850 debite
992 2803 1056 2851 non
1110 2783 1162 2848 fex
1175 2784 1365 2866 quibuslibet
1387 2785 1521 2866 clericis,
1540 2788 1635 2852 etiam
1657 2791 1793 2861 clericali
1813 2801 1888 2864 tors-

289 2879 482 2954 observetur,
504 2902 519 2942 1
538 2881 679 2960 deploret
697 2879 779 2945 inter
796 2881 859 2942 alia
872 2879 1009 2960 pontifex
1023 2879 1056 2942 in
1111 2885 1177 2943 tum
1200 2881 1332 2946 tonsure
1353 2871 1587 2959 insignitis,'ec
1606 2881 1808 2962 beneficium,
1831 2887 1887 2950 vel

288 2977 446 3056 mbarag.
461 2973 689 3054 accerrime
710 2977 739 3038 1.
755 2974 791 3037 de
808 2971 962 3038 Proiecit.
979 2976 1057 3038 iuter
1110 2971 1206 3039 etiam
1237 2969 1420 3050 pensionem
1456 2971 1606 3037 duntaxat
1637 2975 1888 3045 ecclesiasticam

267 3105 270 3119 ι
289 3065 461 3132 Communes
474 3089 486 3131 .·
499 3069 583 3134 uude
597 3069 800 3150 ponderando
814 3069 846 3134 in
861 3067 967 3133 relatis
986 3087 1057 3134 ver-
1110 3062 1317 3139 heheutibus,
1347 3061 1406 3133 sub
1436 3082 1531 3146 poene
1558 3067 1740 3151 privationis
1766 3070 1889 3134 borum

287 3161 336 3228 bis
347 3159 392 3240 ly,
407 3160 514 3241 dedito,
530 3167 628 3243 petet,
643 3163 889 3243 hospitalitatem
913 3164 947 3224 in
966 3162 1057 3230 cleri·
1110 3159 1179 3242 ipso
1192 3157 1275 3223 tacto
1296 3157 1483 3226 incurreres
1501 3161 1660 3244 precipit,
1676 3168 1711 3228 ut
1730 3167 1887 3230 «Tonsu-

289 3255 344 3336 ois,
360 3256 533 3338 presertim
546 3255 767 3333 Beuctiaieriie,
782 3274 852 3322 esse
865 3257 1014 3324 debitunt.
1110 3270 1180 3318 rum
1206 3255 1237 3319 et
1258 3249 1400 3316 habitum
1423 3251 1614 3330 clericalem,
1638 3265 1742 3328 vestes
1765 3260 1889 3325 scilicet

1110 3345 1225 3414 talares
1246 3344 1388 3412 deterant
1403 3361 1409 3406 :
1425 3367 1441 3408 o
1461 3365 1500 3410 eo
1520 3347 1644 3425 addito,
1665 3358 1729 3413 aut
1749 3351 1781 3412 iu
1797 3352 1887 3416 tutn-

625 3471 711 3553 §HL
946 3473 947 3478 κ
1109 3456 1181 3508 rum
1195 3455 1259 3503 non
1272 3435 1332 3506 nisi
1346 3444 1418 3528 ectu
1437 3439 1556 3509 clericis
1570 3441 1604 3502 in
1622 3443 1733 3514 habitu
1747 3446 1888 3512 dericali

1110 3538 1142 3596 et
1161 3538 1290 3598 tonsure
1303 3563 1344 3596 -,-
1357 3532 1587 3610 inoedentibus,
1609 3555 1807 3624 quaecunque
1832 3561 1888 3606 ec-

288 3661 327 3712 pp
339 3661 531 3712 omnmo„
542 3661 725 3710 ammom
744 3662 908 3712 mm,
925 3663 1057 3714 mm
1111 3624 1292 3702 olesiestica,
1310 3624 1404 3688 etiam
1424 3625 1575 3708 simplicia
1595 3628 1760 3708 beneficia,
1778 3637 1888 3700 conte

408 3754 446 3804 ῃ
465 3753 637 3815 mmm,
658 3755 806 3810 mm
825 3756 936 3806 mm,
1111 3725 1341 3792 1111111111.
1365 3720 1454 3792 Quod
1477 3721 1580 3804 ipsum
1602 3725 1743 3804 pontifex
1763 3727 1887 3792 ibidem

1111 3813 1249 3882 extendit
1262 3812 1303 3877 ed
1316 3814 1441 3892 milites,
1456 3815 1516 3884 sub
1530 3817 1632 3898 aliqua
1646 3820 1821 3900 approbata
1835 3839 1890 3884 re-

329 3917 379 3980 63.
405 3911 513 3977 Clerici
524 3920 656 3976 tenentur
668 3910 781 3992 defore
799 3911 941 3992 11111111,
958 3920 1056 3976 tomu-
1109 3907 1399 3990 supervenisset
1417 3910 1613 3994 pensionem,
1629 3912 1679 3974 vet
1692 3911 1887 3981 beneficium

232 4037 239 4052 ·
290 4005 1055 4090 1111111111111111111111.*0111111111
1109 4001 1356 4066 ecclesiasticum
1382 4001 1555 4081 babentes,
1585 4005 1644 4069 uisi
1676 4007 1827 4074 incedant
1853 4012 1888 4072 in

291 4105 350 4177 Aa,
371 4108 404 4166 et
422 4100 480 4165 sub
500 4119 564 4179 qua
583 4099 772 4182 obligatione
795 4099 897 4165 cleriei
912 4103 1058 4162 tenentur
1112 4095 1222 4166 babitu
1235 4094 1360 4166 militari
1382 4114 1448 4162 sum
1470 4097 1588 4163 militiae
1612 4103 1764 4188 proprio:
1789 4114 1888 4186 prout

291 4193 414 4260 deterre
437 4193 596 4266 habitam,
621 4199 652 4256 et
674 4197 834 4257 tonsorem
862 4193 1060 4259 clericalemt
1114 4187 1241 4254 uberius
1254 4187 1432 4252 continetur
1445 4189 1479 4254 in
1492 4197 1664 4254 memorate
1684 4191 1782 4258 bulla.

291 4288 384 4368 Resp.
394 4288 417 4349 1.
434 4285 483 4350 rtd
496 4287 692 4350 honestatem
705 4285 775 4348 ritae
786 4286 1061 4351 clericoruminter
1153 4284 1203 4344 65.
1225 4283 1289 4344 Aut
1302 4281 1405 4344 saltem
1416 4281 1472 4366 jer
1485 4284 1516 4345 in
1531 4284 1676 4368 laneficio,
1692 4287 1739 4350 oet
1749 4286 1793 4354 od
1809 4288 1891 4352 iliad

287 4379 355 4450 clia
380 4379 524 4460 pertinet,
554 4383 588 4440 ut
614 4378 672 4457 ipsi
698 4377 840 4442 deterant
860 4377 1013 4458 habitum,
1030 4385 1061 4442 et
1113 4375 1248 4440 1111111.
1272 4405 1313 4422 -
1334 4375 1479 4450 Quinimo
1501 4379 1596 4449 citata
1617 4380 1797 4444 constitutio
1820 4383 1890 4446 Sir-

292 4481 454 4538 tonsnrnm
467 4489 524 4533 suo
534 4471 647 4547 ordini,
657 4471 814 4550 statuique
823 4480 1056 4553 congruentem.
1113 4471 1178 4536 tina
1207 4469 1335 4533 clericos
1362 4487 1564 4554 quoscunque
1596 4472 1636 4537 ad
1674 4471 1888 4543 deferendum

291 4567 406 4630 Textus
420 4572 466 4626 est
479 4562 513 4624 in
527 4577 596 4624 cen.
613 4561 668 4626 ult.
685 4561 758 4628 dist.
774 4565 824 4626 11.
840 4567 873 4625 11
886 4581 913 4626 1.
939 4561 1061 4629 cretea
1114 4561 1266 4635 habitum,
1282 4580 1346 4627 non
1360 4563 1472 4642 solum,
1489 4563 1613 4646 quando
1624 4565 1692 4646 iem
1709 4566 1888 4634 «obtinent

292 4658 406 4742 officio.
423 4661 471 4722 15.
487 4657 520 4718 b.
535 4660 557 4720 t
575 4656 628 4722 ubi
642 4655 819 4722 inconcilio
834 4657 1061 4739 3111111111ςί-
1114 4655 1267 4723 beneficis
1289 4656 1495 4722 ecclesiastica
1515 4658 1762 4739 qualiacunque,
1788 4661 1889 4724 etiam

293 4759 344 4820 tur
352 4747 471 4814 clericis
483 4753 673 4827 preceptum
687 4746 720 4808 in
733 4748 801 4816 haec
821 4747 918 4816 verbe
934 4767 943 4809 ε
972 4751 1061 4814 «Go-
1115 4751 1296 4832 simplicior
1311 4751 1526 4836 (percipiendo
1541 4751 1684 4820 uidelicet
1697 4751 1818 4824 tructus
1833 4772 1890 4818 eo-

293 4861 416 4919 ronam,
430 4847 463 4906 et
479 4847 640 4906 tonsurato
658 4839 796 4908 babeant
817 4846 1058 4921 competentem.
1113 4847 1196 4926 rum)
1211 4845 1392 4932 sedetiam,
1407 4845 1533 4934 quando
1554 4845 1615 4911 aiu
1635 4845 1710 4922 illis,
1727 4846 1778 4910 rel
1792 4845 1837 4910 ed
1851 4868 1888 4912 es

295 4973 335 4996 ...
348 4939 461 5004 Clausa
474 4933 616 4998 deferent
636 4933 772 5014 desuper
793 4934 988 5014 indumenta,
1012 4938 1061 5001 ni·
1115 4940 1164 5022 jus
1179 4939 1295 5006 habent
1306 4957 1313 5000 :
1326 4962 1340 5000 r
1354 4937 1446 5013 adeo,
1462 4942 1498 5003 ut
1509 4940 1536 5003 si
1549 4957 1641 5002 aecus
1653 4940 1722 5018 liat,
1738 4959 1792 5004 eos
1805 4961 1889 5022 pon-

293 5033 358 5098 mia
371 5031 523 5097 brevitate
536 5026 869 5109 reilongitudinenon
883 5030 1057 5109 neronom»
1115 5031 1224 5098 titexs
1246 5032 1313 5100 sine
1335 5032 1399 5102 utta
1419 5031 1481 5105 ulie
1503 5034 1695 5112 montione,
1718 5035 1885 5112 citatione,

296 5131 357 5192 eta.
372 5126 462 5210 plura
480 5121 621 5206 protinus
634 5121 865 5202 subjungendo,
882 5141 952 5205 qam
966 5127 1061 5190 veluti
1114 5125 1225 5206 judicis
1252 5127 1387 5204 decreto,
1404 5129 1473 5196 ,aut
1497 5127 1684 5204 ministerio,
1708 5129 1774 5210 ipso
1801 5127 1887 5195 11111

295 5219 500 5303 repugnantia
527 5214 620 5280 stetui
647 5232 716 5289 suo,
745 5215 864 5281 clericis
891 5216 923 5282 in
950 5221 1062 5284 vocatu
1100 5221 1253 5304 ‚privatos
1266 5220 1415 5301 dederet,
1431 5240 1471 5292 ao
1490 5229 1555 5291 tom
1575 5223 1728 5294 beneficia
1742 5223 1814 5302 ‚ipsa
1830 5241 1888 5302 per

297 5320 371 5381 sunt
384 5309 538 5378 erismae.
557 5307 730 5377 coneordat
742 5306 837 5378 (item
854 5309 1006 5386 Quoniam.
1029 5315 1059 5377 2.
1116 5313 1320 5397 privationem
1331 5313 1509 5396 hujusmodi
1519 5333 1643 5392 secere,
1661 5323 1692 5380 et
1705 5317 1799 5379 tibere
1816 5317 1888 5378 eliis

298 5408 367 5473 tut,
383 5405 472 5488 ptura
494 5403 611 5486 puriter
636 5405 775 5469 statuens
800 5404 884 5468 cirea
909 5404 1061 5482 habitum,
1114 5407 1477 5490 superoperosum
1490 5410 1585 5480 etism
1598 5411 1764 5492 pensiones
1778 5427 1889 5476 casse-
