4016 6056
507 271 607 352 ξΧΧ.
631 273 681 335 uu
701 271 829 338 PhlissS
849 273 1032 340 rauusus
1052 271 1318 340 menstruate.
1388 314 1394 327 .
1459 315 1463 324 .

124 409 232 474 illoesa
246 412 277 486 t.
293 405 355 472 Nec
367 414 518 489 apparant.
535 407 577 470 ita
591 407 735 471 Brandsn
752 409 785 471 iu
807 407 895 472 Coo·-

122 502 249 566 ccrdatr's
263 501 435 579 monica,
452 504 563 580 quaest.
579 505 608 565 6.
625 521 657 564 n.
674 505 723 567 t8.
746 509 776 566 et
795 503 886 578 intra,

122 597 232 660 Notab.
250 602 279 661 t.
294 613 326 656 n.
348 599 376 658 t.
397 613 436 657 ac
454 613 542 675 seqq.
565 596 705 678 allegans
725 598 834 658 Rotam
855 597 888 658 in

122 693 311 755 nna-Meton.
328 689 539 765 canonicatus,
553 709 659 754 coram
676 694 712 755 ll.
732 694 768 754 P.
788 695 825 754 Ι).
848 691 888 753 de

121 785 247 849 ltnbcis.
263 787 283 848 8
296 785 440 846 novemb.
457 785 545 848 7577.
559 791 591 846 et
603 787 820 863 Cassadorum,
837 785 889 848 de·

122 881 177 944 cis.
193 882 222 942 Ι.
238 877 275 942 de
287 878 398 957 Portu,
415 883 446 940 et
460 879 661 942 Simonettam
676 881 697 941 l.
714 882 738 943 l.
749 879 844 942 decis.
855 883 887 954 7,

121 974 288 1042 Nicolarts,
303 972 349 1036 tit.
365 976 389 1036 l.
405 971 445 1034 ad
461 971 637 1038 Concordct.
653 975 749 1040 Germ
765 977 826 1056 §a
843 976 887 1037 ci·

121 1085 191 1141 sans
201 1065 355 1147 plurimos
368 1064 456 1128 alios.
474 1067 600 1130 Accedit
613 1069 703 1139 ratio,
720 1070 803 1148 quia,
814 1069 887 1133 licet

121 1163 206 1241 Papa
219 1167 290 1240 post
302 1162 425 1239 lapsum
442 1161 536 1223 trium
556 1163 710 1236 mensium
732 1164 886 1226 collatori·

120 1255 179 1318 bus
200 1255 367 1318 ordinariis
385 1258 572 1319 concesserit
589 1261 773 1337 potestatem
790 1259 888 1321 libere

121 1350 306 1429 disponendi
322 1351 361 1412 de
373 1349 526 1414 beneficio
540 1359 681 1431 secante,
701 1371 764 1415 non
782 1359 888 1415 tamen

119 1441 297 1521 hujusmodi
311 1441 489 1506 facultatem
504 1463 523 1506 a
537 1461 570 1506 se
589 1445 762 1508 abdicavit:
786 1445 887 1524 quini-

120 1553 171 1596 mo
185 1534 336 1612 majorem
350 1535 409 1596 sibi
418 1553 594 1599 reservasse
604 1536 808 1618 dignoscitur,
820 1557 886 1618 arg.

120 1629 171 1690 cit.
187 1645 215 1689 c.
232 1627 361 1690 mom.
377 1630 412 1692 de
424 1629 577 1694 Proemnd.
589 1633 622 1694 in
631 1637 663 1695 6.
671 1632 779 1712 juncto
790 1632 887 1694 relato

62 1779 65 1786 ,
119 1725 207 1785 texto
220 1721 488 1801 concordatomm,
504 1725 557 1786 ubi
571 1723 610 1787 de
624 1725 679 1788 tali
693 1725 887 1788 abdicatione

120 1818 217 1894 unda,
231 1818 283 1881 vol
295 1817 424 1880 minima
434 1818 550 1880 mentio
565 1818 707 1883 habetur.

210 1977 234 2018 a

451 2034 469 2114 s
488 2033 551 2098 xx.

237 2223 274 2274 DE
285 2221 390 2274 '1³1th
409 2223 546 2274 tutunus
565 2224 769 2276 maneronta.

163 2387 234 2447 570.
257 2383 436 2465 Imperatori
455 2383 651 2446 Romanorum
672 2384 831 2460 mosterio,
847 2403 886 2447 en

121 2477 294 2538 moetoritote
307 2474 463 2557 apostolico
483 2475 601 2537 concedi
616 2475 686 2538 solet
703 2477 823 2558 speciale
841 2479 888 2540 tn-

121 2572 233 2636 dultum
248 2571 419 2633 nominandi
437 2571 478 2632 od
497 2571 632 2653 beneficae
652 2571 769 2635 idoneus
787 2593 888 2654 perso-

119 2687 183 2731 nas.
208 2667 378 2730 Nomiaots'c
397 2664 563 2746 hujusmodi
583 2665 697 2728 nomiae
715 2668 887 2747 primarum

119 2781 250 2836 precum
265 2761 427 2826 denotetur.
441 2761 673 2833 -Ouaeriturl
690 2763 749 2835 An,
766 2767 796 2824 et
811 2780 888 2842 qua·

119 2855 183 2918 lem
198 2857 383 2934 potestatem
404 2851 581 2933 porrigendi
596 2850 714 2915 Primos
724 2871 823 2936 preces
846 2854 887 2916 ad
907 2850 912 2858 '

119 2949 283 3020 beneficia,
298 2947 415 3010 habeat
428 2947 619 3025 imperatori
632 2948 725 3026 ltosp.
741 2949 765 3009 Ι.
787 2951 888 3029 lmpe·

118 3045 214 3107 ratori
228 3046 441 3105 Romanorum
454 3039 638 3118 neoeleoto,
655 3059 693 3102 ex
702 3041 888 3104 auctoritate

117 3137 308 3220 apostolica,
342 3137 374 3197 ct
400 3133 614 3212 antiquissima
641 3137 885 3214 consuetudine,

117 3229 248 3294 concedi
262 3229 341 3291 solet
353 3226 487 3307 speciale
500 3227 655 3290 indultum
670 3228 884 3308 apostolicum,

118 3328 154 3388 ut
167 3325 199 3386 in
215 3323 351 3403 qualibet
364 3321 503 3384 Ecclesia
516 3337 572 3400 per
585 3321 616 3383 S.
638 3321 812 3384 Romamm
831 3323 887 3384 im·

116 3417 258 3498 perium,
278 3419 370 3494 prout
396 3430 480 3474 nunc
498 3415 556 3487 est,
577 3413 754 3492 ubicunque
775 3414 887 3477 conati-

116 3517 196 3583 tuta,
219 3508 317 3570 semel
331 3523 497 3586 pomonam
520 3505 579 3569 sibi
600 3513 719 3586 grutem
734 3513 765 3569 et
780 3525 887 3588 accep·

116 3611 194 3680 tam,
220 3599 410 3678 ceteroquin
432 3601 538 3660 tamen
565 3597 720 3675 idoneam,
745 3600 886 3663 collatori

116 3697 275 3758 ordinario
289 3694 450 3755 nominare
465 3692 572 3772 possit,
591 3709 685 3772 quam
699 3693 756 3754 iste
774 3692 815 3753 ad
834 3691 887 3754 be-

114 3789 264 3852 neficium
285 3803 401 3848 vacans
420 3787 547 3846 omnino
570 3785 710 3866 recipere
729 3789 884 3850 teneatur.

116 3885 156 3944 Et
186 3878 364 3962 hujusmodi
393 3877 564 3941 nominatio
589 3897 648 3958 per
673 3881 885 3942 Romanorum

115 3980 336 4059 imperatorem
357 3974 451 4043 facta,
473 3971 599 4053 speciali
619 3972 745 4034 nomine
763 3971 883 4034 Primo-

115 4090 184 4132 rum
197 4068 322 4131 Premm
336 4065 520 4148 imperatoris
533 4063 709 4128 denotatur.

159 4165 230 4225 ott.
253 4157 405 4222 indultum
419 4157 587 4239 hujusmodi
594 4157 784 4238 apostolicum
794 4165 835 4219 est
849 4157 885 4219 cb

116 4253 248 4337 antiquis
263 4249 436 4333 temporibus
448 4249 597 4312 usitatum.
609 4280 648 4296 -·
661 4251 757 4312 Porro
773 4249 885 4311 harum

115 4346 292 4411 Primorum
301 4360 421 4425 mecum
435 4340 618 4422 imperatoris
631 4359 696 4402 non
710 4340 811 4402 solum
820 4357 883 4402 me·

114 4441 277 4501 miserunt
305 4434 493 4498 recentiores
526 4435 688 4494 auctores:
723 4438 757 4494 ut
791 4435 882 4496 toan.

115 4533 263 4604 Chokier,
278 4529 311 4592 in
326 4530 414 4590 tract.
431 4524 551 4590 Scholia
560 4525 591 4586 in
600 4524 767 4587 Primorr'os
782 4524 885 4588 Preces

116 4623 311 4708 imperatoris,
338 4619 513 4694 intitulato;
537 4621 704 4699 Fagnanus
728 4636 756 4680 c.
778 4618 882 4681 Natio.

114 4741 149 4785 n.
165 4723 195 4783 9.
213 4724 243 4780 et
257 4733 343 4797 seqq.
359 4712 395 4776 de
409 4712 588 4779 Concessere.
610 4711 757 4794 molend.
768 4731 783 4790 ,·
805 4714 886 4775 Hen-

113 4815 171 4877 ric.
189 4809 371 4891 Wagnerek
385 4807 417 4868 in
433 4785 649 4869 Commentario
662 4805 804 4886 exeqeticc
819 4805 890 4868 SS.¹

114 4923 270 4982 emortum,
286 4922 313 4965 c.
335 4901 366 4963 Is
383 4900 439 4979 cui,
464 4899 501 4962 de
523 4897 680 4962 Probent.
701 4899 732 4959 in
756 4904 807 4973 6.;
832 4900 885 4963 Pi-

114 5001 221 5078 ming,
238 4997 270 5060 h.
285 5003 309 5058 t.
325 5013 357 5058 n.
374 4996 447 5068 3673
464 4993 574 5074 linget,
589 4993 658 5055 cod.
670 5011 702 5056 n.
714 4995 763 5055 70.
778 4993 879 5056 otalii.

114 5094 233 5154 Verum
248 5089 341 5152 etiam
355 5087 394 5150 de
416 5086 533 5148 eisdem
555 5085 754 5172 mentionem
767 5084 885 5149 iaciunt

114 5183 236 5264 antiqui
250 5183 439 5245 canonista:
458 5182 491 5242 ut
503 5181 596 5242 ioan.
617 5178 768 5257 Andreas,
785 5181 836 5244 cit.
853 5199 880 5242 o.

114 5279 149 5341 Is
162 5277 219 5338 cui.
235 5293 268 5337 n.
284 5277 312 5336 t.
330 5273 365 5337 de
378 5271 531 5336 Preces.
545 5272 578 5332 in
596 5276 627 5336 6.
652 5276 683 5334 et
703 5271 884 5351 Speculator

114 5373 164 5434 tit.
188 5369 222 5432 de
244 5366 395 5430 Probead.
423 5365 574 5446 §Restat
603 5384 636 5427 n.
665 5369 694 5426 7.
725 5381 880 5440 assereus,

115 5463 204 5545 quod
231 5483 246 5520 u
266 5463 435 5542 Imperator
456 5459 551 5522 habet
567 5457 774 5540 privilegium,
797 5455 881 5538 quod

1647 279 1711 342 tet<

942 431 1001 495 ego
1015 411 1138 491 (inquit)
1152 409 1214 472 vidi
1228 407 1395 483 Bellatum,
1411 409 1496 489 quod
1517 412 1548 473 in
1568 412 1709 494 qualibet

941 507 1078 571 Ecclesia
1092 504 1284 567 alemannia
1297 504 1396 583 possit
1414 503 1517 569 iacere
1537 525 1636 570 unum
1657 511 1705 570 're-

942 604 1013 683 cipi.
1034 619 1049 661 ιι
1071 599 1160 663 Unde
1182 598 1267 677 patet
1284 595 1324 658 de
1342 597 1558 674 antiquissima
1576 617 1712 662 consue--

942 697 1049 759 tudina
1076 695 1170 774 hujus
1204 690 1374 771 privilegii,
1406 689 1491 769 quod
1526 689 1705 772 imperatori

942 789 1135 862 neo-electo,
1165 789 1197 850 et
1222 805 1241 846 a
1268 784 1353 863 Papa
1380 785 1583 860 confirmato,
1611 787 1705 867 idque

941 884 1120 966 postulanti,
1141 883 1174 943 in
1197 879 1317 959 scriptis
1341 880 1469 942 concedi
1493 881 1589 944 solet:
1612 882 1704 959 adeo,

941 987 976 1042 ut
988 979 1159 1042 Nauolarus
1172 976 1205 1037 in
1225 993 1281 1037 sna
1303 972 1542 1059 chronographia
1563 981 1703 1050 testetur,

940 1072 1137 1152 Rudolphum
1151 1073 1173 1133 Ι.
1190 1069 1243 1148 qui
1257 1087 1340 1131 anno
1357 1071 1488 1132 Domino
1504 1074 1601 1144 ruta
1624 1073 1708 1134 elec-

940 1174 991 1233 tus
1006 1172 1064 1243 est,
1077 1169 1143 1245 iam
1162 1183 1254 1227 usum
1274 1164 1370 1226 fuisse
1391 1163 1450 1228 hoc
1468 1165 1627 1248 privilegio
1647 1167 1713 1228 sub·

940 1262 1067 1324 nomine
1082 1261 1251 1322 Priscorum
1263 1277 1392 1339 precum,
1408 1261 1593 1340 etantiqua,
1611 1267 1642 1323 et
1654 1277 1708 1340 ap·

941 1355 1071 1436 probata
1091 1352 1133 1413 ab
1151 1350 1400 1414 antecessoribus
1428 1351 1470 1413 ad
1497 1371 1531 1414 se
1557 1353 1707 1433 perducta

941 1448 1185 1512 consuetudine:
1209 1445 1315 1522 sicque
1330 1445 1410 1507 hanc
1424 1446 1541 1508 dudum
1554 1449 1620 1526 jam
1634 1453 1705 1510 ante

943 1549 1083 1620 tempora
1101 1538 1255 1618 Rudolphi
1273 1539 1296 1599 l.
1320 1536 1455 1615 viguisse
1469 1548 1627 1619 appareat.
1657 1573 1660 1582 ·

980 1639 1050 1699 tlt.
1074 1634 1309 1724 lieferturtenor
1327 1631 1526 1696 destinante·
1545 1635 1704 1718 apostolati.
1769 1693 1775 1706 ,

941 1763 981 1780 --
994 1729 1159 1809 Exemplar
1171 1727 1242 1791 talis
1256 1725 1367 1789 indulti
1382 1729 1553 1807 apostolici,
1564 1733 1709 1809 perPau·

940 1829 1007 1889 lum
1019 1827 1057 1886 V.
1073 1823 1267 1887 Ferdinando
1280 1823 1492 1883 Romanorum
1513 1826 1578 1906 regi
1599 1826 1632 1886 in
1650 1828 1708 1887 im-

941 1923 1118 2002 peratorem
1144 1920 1255 1992 electo,
1282 1916 1371 1980 lano.
1396 1918 1496 1996 pridie
1518 1917 1598 1982 Non.
1627 1921 1716 2000 junii·

943 2029 1136 2088 concessum,
1152 2030 1209 2091 per
1222 2018 1384 2073 extensum
1397 2012 1502 2092 refert,
1520 2015 1708 2096 scholiisque

942 2109 1075 2171 illustrat
1088 2108 1105 2169 J
1109 2122 1259 2166 oanncsa
1278 2104 1414 2166 Ghokier
1431 2106 1462 2167 in
1481 2111 1569 2170 tract.
1591 2109 1715 2172 Scholia¹

942 2203 974 2264 iu
998 2199 1163 2264 Primorios
1186 2215 1284 2278 preces
1305 2196 1502 2280 imperatoris,
1526 2201 1705 2264 intitulato:

942 2315 980 2360 ex
995 2297 1084 2375 an'us
1098 2293 1208 2356 indulti
1223 2298 1333 2355 tenore
1347 2293 1437 2354 simol
1458 2293 1560 2376 colligi
1581 2299 1705 2375 poterit,

942 2407 1004 2470 qua
1030 2389 1178 2451 facultate
1201 2388 1381 2468 porrigendi
1409 2387 1528 2452 Primos
1547 2409 1645 2470 preces
1667 2391 1708 2452 ad

941 2483 1093 2549 beneficia
1119 2483 1255 2562 gaudent
1282 2483 1459 2561 imperator.
1495 2483 1572 2554 Onia
1603 2489 1707 2546 tamen

942 2575 1094 2657 ejusmodi
1114 2575 1268 2637 indultum
1293 2574 1498 2651 apostolicum
1513 2576 1707 2659 estlongius‚

942 2679 973 2736 et
986 2671 1070 2751 apud
1092 2671 1299 2730 memoratum
1325 2673 1495 2742 auctorem,
1516 2671 1548 2730 in
1571 2672 1708 2754 quinque

942 2767 1095 2829 sectiones
1109 2765 1254 2837 divisum,
1271 2761 1367 2822 videri
1382 2763 1485 2840 potest
1496 2781 1503 2823 ι
1514 2763 1587 2826 hinc
1602 2763 1709 2826 dimis-

941 2853 983 2922 sis
998 2858 1129 2932 oaeteris‚
1145 2855 1339 2918 solummodo
1354 2855 1533 2930 secundam,
1546 2857 1708 2919 ettertiam

941 2955 1127 3026 acchonem,
1146 2954 1255 3028 utpote
1277 2965 1342 3027 prae
1366 2949 1486 3011 oaeteris
1509 2950 1548 3012 ad
1571 2953 1710 3031 proposi-

941 3053 1008 3113 tum
1037 3048 1213 3118 facientem,
1238 3045 1299 3115 huc
1326 3043 1481 3105 adducere
1504 3043 1635 3123 placuit;
1656 3045 1708 3107 ubi

941 3138 1082 3202 Pontifex
1095 3137 1249 3200 indultum
1263 3133 1434 3198 Primorum
1443 3153 1561 3216 mecum
1576 3137 1710 3215 intorpo

940 3233 1131 3306 nendnmm‚
1167 3226 1370 3307 sequentibus
1402 3226 1505 3289 verbis
1536 3229 1707 3291 nco-electo

939 3320 1297 3403 imperatoriconcossit.
1712 3325 1715 3330 “

978 3419 1059 3478 573.
1077 3434 1092 3471 u
1107 3414 1249 3488 illuceat,
1259 3411 1423 3489 quodl'uoe
1432 3410 1627 3473 celsitudinis
1637 3427 1710 3488 sup·
1737 3411 1742 3428 '

939 3505 1158 3588 plicationibus
1175 3503 1324 3574 inclinati,
1336 3501 1417 3566 dicta
1431 3505 1614 3567 auctoritato
1628 3521 1711 3583 prm·

940 3601 1074 3663 sentium
1084 3599 1164 3660 serie
1178 3597 1280 3660 eidem
1294 3597 1329 3657 Τ.
1340 3597 1373 3658 G.
1387 3596 1597 3671 concedimus,
1609 3596 1710 3657 indul-

941 3711 1061 3774 gemus,
1077 3691 1200 3771 quodsi
1215 3707 1272 3768 per
1290 3694 1320 3751 te
1335 3688 1496 3767 quibusvis
1510 3690 1708 3752 collatoribus

940 3785 1476 3863 seucollatricihusquorumcuuque
1485 3783 1707 3846 beneficiorum

940 3881 1231 3952 ecclesiasticorum,
1243 3877 1449 3955 secularium,
1461 3884 1493 3940 et
1504 3879 1705 3958 regularium,

940 3973 1082 4036 ordinum
1104 3988 1378 4052 quorumcunque,
1398 3988 1454 4050 per
1478 3971 1509 4032 S.
1533 3971 1707 4033 Romanum

939 4066 1108 4147 imperium
1129 4063 1272 4126 videlicet
1295 4063 1544 4141 constitutorum,
1566 4065 1707 4127 etiamsi

939 4160 1003 4242 qui,
1019 4159 1109 4222 salsi
1130 4175 1199 4238 qua
1218 4174 1257 4218 ex
1279 4156 1339 4218 illis
1361 4157 1540 4238 pontificali,
1567 4175 1623 4219 seu
1644 4159 1720 4220 alia·

939 4253 1047 4333 quavis
1071 4249 1220 4328 dignitate
1242 4247 1460 4329 prefulgeant,
1483 4265 1539 4310 seu
1561 4249 1703 4331 collegia,

939 4345 1083 4425 capitula,
1099 4348 1130 4405 et
1144 4348 1316 4404 conventus
1326 4340 1450 4419 luerim,
1467 4359 1562 4421 super
1575 4342 1705 4423 singulis

938 4435 1097 4498 beneficiis
1120 4433 1348 4507 ecclesiasticis,
1369 4451 1440 4495 cum
1459 4452 1546 4507 cura,
1566 4435 1617 4497 vel
1639 4437 1705 4497 sine

938 4546 1014 4590 curo
1042 4526 1254 4602 saecularibus,
1280 4525 1329 4587 vol
1357 4526 1500 4587 ordinum
1527 4527 1706 4609 hujusmodi

937 4621 1145 4703 regularibus,
1170 4619 1202 4679 in
1225 4617 1356 4698 singulis
1379 4619 1619 4695 cathedralibus,
1640 4639 1706 4682 me-

937 4713 1141 4796 tropolitanis,
1158 4711 1207 4772 vel
1222 4709 1403 4789 collegiatis,
1420 4711 1468 4773 rel
1488 4711 1556 4774 aliis
1577 4711 1705 4791 quihus·

937 4809 982 4872 vis
1010 4808 1157 4882 ecclesiis,
1187 4805 1307 4868 etiamsi
1334 4803 1486 4865 beneficia
1513 4804 1701 4882 hujusmodi,

937 4903 1139 4966 canonicatus
1154 4905 1185 4961 ct
1199 4896 1388 4979 praebendae,
1403 4896 1580 4977 dignitates,
1596 4914 1704 4976 porso-

937 5001 1038 5074 natus,
1055 4992 1350 5066 administrationes,
1362 4989 1412 5051 sel
1426 4989 1528 5049 officia
1542 4989 1572 5049 in
1587 4990 1711 5052 eisdem·

938 5085 1182 5164 cathedralibus,
1199 5085 1293 5146 etiam
1307 5079 1561 5160 metropolitanis,
1574 5089 1605 5144 et
1614 5083 1706 5144 colle-

938 5179 1028 5259 giatis
1052 5182 1084 5242 et
1106 5177 1181 5258 ipsa
1204 5174 1381 5256 prebende
1403 5175 1433 5234 in
1456 5171 1528 5246 illis,
1547 5177 1578 5235 ct
1598 5175 1707 5254 hujus-

937 5271 1021 5334 modi
1037 5270 1186 5345 ecclesiis,
1200 5269 1231 5330 in
1246 5270 1359 5350 quibus
1372 5266 1508 5344 majores
1523 5272 1554 5327 st
1567 5267 1706 5331 minores

935 5363 1112 5446 prebende
1136 5381 1205 5425 esse
1229 5367 1412 5434 noscuntur,
1429 5359 1548 5420 odamsi
1569 5361 1703 5440 majores

936 5457 1059 5532 luerim,
1080 5461 1112 5520 et
1134 5456 1174 5518 ad
1196 5455 1373 5537 dignitates,
1393 5457 1589 5535 personatus,
1603 5454 1703 5517 admi·
