4028 6068
447 305 508 386 §u
530 305 769 384 nauarent,
791 305 989 384 nursicus,
1012 307 1194 382 assuere,
1217 309 1301 372 nuc.

317 706 483 772 munus
506 707 608 774 unu.

266 909 313 974 be
333 909 658 993 proscriptionibus.
768 947 774 960 ·

133 1104 156 1160 l.
176 1097 258 1161 nanu
271 1100 493 1162 continuationis
505 1097 701 1162 rubricarum.
711 1095 845 1158 i-Post-

102 1208 212 1268 aequem
232 1191 322 1253 titulc
345 1190 531 1271 procedenti
554 1193 653 1253 usum
675 1193 722 1252 est
741 1188 780 1251 de
795 1207 845 1250 cx-

1607 312 1663 373 ιιι

900 441 987 501 εειιιε
1001 442 1181 520 acquirendi
1201 461 1267 504 rem
1282 443 1408 505 alterius
1422 461 1479 524 per
1500 443 1664 507 durantem

900 532 1068 600 etiamnum
1083 535 1312 614 possessiouem
1332 535 1490 599 bonafide
1505 537 1665 599 contiuua-

899 630 974 702 tam,
997 629 1029 688 at
1056 627 1188 690 necdum
1212 637 1350 709 tempore
1378 631 1498 710 legibus
1526 629 1664 691 definitio

899 720 1098 784 absolutam:
1121 731 1153 786 et
1180 725 1224 786 sic
1251 725 1442 805 praescriptio
1466 726 1576 788 dicitur
1602 743 1665 787 non

899 813 1079 894 procedere,
1097 814 1251 892 dormire,
1280 819 1328 880 val
1351 819 1552 899 interrumpi,
1573 819 1666 899 juxta

899 907 1030 987 amplius
1058 909 1189 972 dicenda
1210 911 1272 992 §t
1298 933 1329 972 n.
1355 916 1421 987 191,
1441 915 1498 976 l9t
1522 919 1552 975 et
1575 931 1662 992 seqq.

898 997 1042 1076 Secundo,
1064 1010 1156 1081 prout
1178 1003 1224 1066 esi
1249 1005 1280 1064 iu
1308 1004 1388 1067 facto
1416 1023 1508 1066 esse:
1540 1005 1664 1086 mando

899 1093 1041 1157 videlicet
1054 1101 1193 1176 ternpore
1207 1096 1343 1178 legitimo
1358 1100 1510 1178 completo
1522 1117 1579 1180 per
1592 1117 1667 1160 con-

899 1185 1050 1249 tinuatam
1076 1189 1159 1250 bona
1184 1189 1246 1252 fide
1276 1191 1503 1269 passessionem
1531 1189 1666 1271 cuipiam

99 1283 276 1363 captionibus
302 1283 335 1344 in
362 1301 499 1365 genere,
530 1283 669 1362 seqnitur
696 1300 779 1343 nunc
792 1280 846 1364 ¹de
896 1281 962 1360 jam
976 1288 1023 1343 est
1045 1281 1228 1360 acquisitum
1241 1285 1291 1362 ius
1314 1284 1345 1344 in
1364 1301 1409 1361 re,
1425 1285 1475 1346 vel
1493 1284 1666 1347 audactum

100 1375 337 1457 pumuptione,
371 1396 439 1458 quae
472 1383 519 1442 eet
549 1377 669 1458 speeies
701 1374 844 1457 quadan
896 1375 948 1454 jus
962 1374 1102 1452 alterius,
1121 1375 1213 1457 eique
1233 1378 1458 1459 prescriptum.
1475 1378 1664 1441 [licituruo-

100 1469 273 1548 exceptionis
292 1473 520 1552 peremptorie,
536 1475 630 1553 atque
651 1488 714 1532 non
728 1485 799 1531 raro
814 1467 845 1528 in

97 1563 202 1640 judiciis
215 1563 310 1643 objici
334 1566 423 1628 solet.
446 1567 482 1630 ut
504 1567 576 1645 qnia
594 1564 749 1628 notabiles
764 1562 846 1625 circe

98 1673 154 1718 ean
175 1661 340 1720 resumunt
359 1658 565 1736 difficultates,
590 1659 701 1722 mento
717 1659 755 1720 de
778 1659 846 1736 ipsa

98 1754 151 1808 tum
163 1749 274 1828 injure
288 1749 380 1828 civili,
396 1757 463 1813 tum
477 1751 638 1824 canonico,
655 1751 713 1814 sub
727 1748 847 1831 specia-

97 1839 164 1901 libus
183 1842 279 1904 titulis
300 1847 472 1908 tractatur:
495 1845 577 1908 unde
601 1845 640 1906 de
661 1861 699 1907 ea
718 1842 847 1922 majoris

97 1935 226 1998 claritatis
246 1939 347 2017 gratia
366 1937 398 2000 in
421 1938 572 2002 distinctis
586 1941 680 2002 etiam
695 1955 848 2020 paragra-

95 2029 154 2108 phis
166 2029 321 2110 agendum
333 2031 471 2106 videtum
487 2033 573 2095 haud
589 2035 745 2110 obstante,
762 2031 846 2112 quod

96 2122 128 2182 de
148 2125 388 2204 prascriptione,
413 2132 444 2187 ει
468 2125 671 2206 usucapione,
695 2125 788 2186 etiam
815 2125 848 2184 in

99 2213 235 2298 liculnea
248 2217 358 2279 ermuli
376 2221 465 2282 tract.
487 2224 518 2282 7.
534 2219 668 2284 distinct.
687 2223 717 2281 6.
733 2237 790 2298 per
803 2225 848 2280 to-

900 1471 1001 1530 lentes
1013 1467 1045 1528 in
1065 1468 1181 1546 dativo,
1201 1471 1320 1550 reique
1342 1471 1571 1552 praescriptum.
1587 1495 1602 1531 u
1621 1469 1666 1532 Sis

900 1561 1026 1640 quidem

939 1657 969 1717 5.
994 1653 1081 1719 Circa
1091 1656 1328 1740 prescriptionem
1345 1666 1387 1720 est
1400 1656 1576 1720 obseruanda
1589 1663 1667 1720 certa

898 1745 1025 1829 ρινεείε,
1040 1757 1068 1810 et
1079 1747 1205 1829 famula
1219 1749 1355 1832 loquendi
1359 1770 1373 1830 ,·
1386 1759 1414 1814 et
1426 1750 1593 1832 qualis?-
1607 1751 1666 1812 No·

901 1840 1030 1907 tendum
1052 1846 1099 1904 est
1120 1862 1192 1906 cum
1214 1845 1330 1907 Ludos.
1346 1845 1443 1928 lingel
1456 1846 1487 1905 b.
1503 1851 1526 1908 t.
1542 1863 1573 1907 n.
1591 1849 1619 1907 l.
1635 1848 1668 1907 et

900 1934 983 2009 aliis,
1008 1937 1193 2016 quodcirca
1216 1938 1481 2019 praescriptionem
1504 1939 1542 2001 sit
1565 1938 1668 2026 obser·

901 2027 1002 2089 canda
1025 2037 1109 2091 certa
1131 2032 1263 2110 phrasis,
1290 2039 1320 2094 et
1346 2033 1480 2094 formula
1505 2031 1664 2113 loquendi.

901 2121 1030 2194 Quando
1041 2124 1124 2185 euim
1138 2143 1194 2204 per
1207 2125 1455 2206 prescriptionem
1464 2125 1515 2205 jus
1529 2125 1666 2202 ulterius,
1756 2153 1760 2164 ·

902 2215 985 2296 quod
999 2216 1108 2278 habuit
1121 2217 1153 2276 in
1173 2233 1206 2279 re
1222 2226 1336 2293 nostra,
1352 2221 1439 2300 puta,
1454 2236 1541 2300 agro,
1558 2219 1674 2294 domo,

97 2315 151 2369 luxu
164 2327 202 2371 ex
213 2309 356 2390 professo
366 2311 433 2390 jum
447 2311 575 2394 egerim.
903 2313 976 2386 etc,
992 2310 1162 2374 extinctum
1176 2330 1233 2374 seu
1247 2316 1443 2394 peremptum
1458 2321 1514 2388 est,
1533 2329 1570 2374 eo
1584 2311 1669 2392 quod

902 2409 1076 2482 tempores
1097 2404 1220 2486 legibus
1241 2405 1366 2468 definito
1379 2405 1450 2486 jure
1475 2425 1530 2468 suo
1554 2405 1598 2468 uti
1613 2422 1669 2466 ne·

902 2496 1034 2578 glexerit
1050 2516 1057 2558 :
1074 2499 1149 2560 tunc
1159 2499 1279 2578 juristae
1294 2499 1393 2561 solent
1406 2499 1491 2577 loqui
1506 2500 1537 2560 iu
1552 2497 1664 2572 dativo,

903 2591 1042 2654 seilicet:
1064 2613 1078 2650 u
1092 2591 1259 2674 Prescripsi
1282 2591 1354 2654 hnic
1378 2593 1582 2676 obligationi:
1604 2587 1671 2673 'jam

902 2685 1118 2766 prescriptum
1141 2687 1194 2749 tali
1211 2688 1285 2768 juri,
1310 2683 1434 2750 actioni.
1451 2712 1465 2749 u
1484 2689 1541 2753 Vel
1559 2688 1670 2752 saltem

904 2777 982 2840 solet
996 2778 1068 2840 addi
1089 2781 1278 2860 praepositio,
1304 2780 1426 2857 Contra,
1440 2780 1573 2844 dicendo
1588 2801 1618 2844 v.
1636 2800 1669 2864 g.

434 2525 493 2606 ax.

94 2715 125 2761 ll!
142 2713 271 2774 attunt,
293 2714 450 2777 bivsstoul,
472 2715 610 2776 nurture,
636 2714 732 2768 A'l'OUE
752 2717 850 2766 cotim·

129 2810 258 2858 uxoribus
279 2809 475 2868 amanuensis,
498 2811 537 2856 ur
556 2811 803 2860 immaturiores.

908 2873 1129 2954 uPrsescriptio
1151 2879 1259 2936 conba
1281 2874 1377 2938 talem
1398 2875 1630 2958 obligationem.
1651 2896 1667 2936 n

125 2971 192 3032 tet
208 2973 238 3032 3.
263 2967 501 3051 Proserpinae
522 2985 626 3031 nornen
646 2968 771 3031 sumitur
795 2969 850 3032 du-
903 2965 1031 3036 Quando
1060 2973 1163 3029 autem
1191 2968 1229 3030 de
1256 2967 1460 3047 acquisitione
1482 2986 1584 3030 sermo
1612 2969 1670 3044 est,

90 3059 213 3140 pliciter;
229 3061 404 3144 panaetius,
431 3067 460 3124 et
485 3062 579 3144 mopsi
604 3062 751 3144 proprie:
779 3081 850 3144 quo-
903 3061 979 3121 dum
1005 3060 1122 3126 scilicet
1144 3081 1201 3142 per
1221 3062 1305 3123 uiam
1327 3061 1567 3144 praescriptionis
1582 3059 1672 3123 nobis

91 3156 188 3216 nudet
213 3189 257 3203 -
279 3155 434 3229 Quaeritur
456 3159 478 3218 l.
501 3157 582 3227 Quot
600 3157 734 3218 modist
753 3175 850 3236 proes-
900 3155 963 3233 jns,
981 3156 1029 3217 uel
1043 3156 1214 3218 dominium
1224 3155 1268 3222 rei
1283 3155 1391 3218 aliene
1404 3155 1588 3236 acquisitum
1598 3155 1669 3231 tuta

90 3248 240 3328 ruptionis
257 3269 274 3311 r
289 3265 405 3312 nomen
419 3249 533 3329 injure
548 3249 807 3334 sumaturtltesp.
824 3252 846 3314 l.
905 3257 978 3313 tuuc
1003 3252 1127 3327 utimur,
1144 3250 1192 3313 vel
1209 3251 1411 3326 nominativo,
1433 3251 1481 3312 vel
1495 3250 1671 3313 accusativo

90 3341 263 3420 Dupliciter.
294 3343 396 3406 Princo
422 3345 617 3425 generatim:
647 3348 740 3424 prout
766 3345 849 3408 idem
903 3359 990 3418 casn,
1005 3343 1341 3423 taliterznerascripra
1356 3343 1620 3406 estameresista
1634 3361 1666 3404 :n

89 3441 140 3513 est,
155 3455 191 3498 ac
206 3438 368 3522 exceptio,
384 3437 448 3501 sive
463 3437 615 3520 oppositio
629 3437 670 3499 ad
685 3437 851 3499 excluden-
904 3435 980 3515 sive,
1002 3458 1016 3494 u
1030 3437 1207 3517 Praescripsi
1221 3437 1304 3498 hanc
1318 3455 1399 3514 rem,
1413 3436 1670 3514 iurisdictionem,

90 3529 154 3591 dam
167 3534 337 3612 actionem,
354 3551 411 3595 seu
429 3533 632 3596 intentionem
647 3531 784 3594 alterins.
801 3531 851 3594 Sic
905 3531 1124 3608 servitutem»
1143 3535 1203 3594 etc.

88 3625 273 3706 prescriptio
287 3627 439 3706 accipitur
460 3627 493 3688 in
507 3627 528 3688 l.
544 3625 606 3688 Sed
621 3634 649 3687 et
661 3625 696 3688 ei.
712 3623 797 3706 §ult
814 3624 848 3687 ll.
944 3629 973 3687 6.
1001 3623 1161 3706 Usueepio,
1185 3623 1279 3707 quid?
1298 3658 1337 3673 -
1355 3626 1508 3700 Quaeritur
1531 3626 1565 3688 li.
1593 3621 1672 3698 Quid

87 3713 117 3774 de
127 3717 252 3780 ludina
271 3738 278 3780 :
294 3725 389 3799 atque
403 3720 510 3782 intuto
524 3720 570 3782 tit.
586 3717 620 3780 n.
637 3722 668 3781 ει
686 3737 713 3780 c.
730 3716 767 3778 de
781 3717 849 3778 lia-
905 3719 944 3779 sit
958 3719 1124 3798 usucapio,
1141 3726 1171 3781 et
1185 3727 1226 3780 axi
1241 3717 1364 3782 differat
1381 3740 1400 3782 a
1420 3718 1672 3802 prescriptione?

85 3812 232 3890 capn'cnib.
256 3822 285 3875 et
306 3811 555 3896 Prasonptrbnib.
577 3819 608 3876 et
620 3811 693 3874 alibi
707 3810 852 3890 frequen·
905 3811 996 3893 Resp.
1015 3813 1037 3874 Ι.
1060 3833 1074 3868 u
1087 3812 1242 3893 Usucaplo
1257 3815 1305 3876 est
1318 3813 1490 3894 acquisitio,
1505 3813 1554 3876 vel
1567 3811 1672 3892 adjec-

85 3908 139 3968 ter.
906 3908 948 3969 tio
963 3907 1099 3974 dominii¹
1115 3927 1172 3988 per
1190 3907 1452 3970 continuationem
1465 3903 1671 3991 possessionis

119 3997 270 4076 Secundo,
285 4007 318 4064 ct
340 3991 442 4082 magis
462 4002 598 4084 proprie,
614 4001 746 4064 sumitur
758 4017 852 4081 pras·
906 3999 1053 4078 temporis
1066 3997 1136 4079 lege
1151 3997 1283 4061 diffiniti.
1297 4021 1311 4059 u
1328 4001 1373 4061 lta
1388 4001 1473 4062 textu
1488 3999 1521 4059 in
1532 3999 1554 4060 l.
1571 3999 1617 4062 lll.
1634 3995 1669 4059 tt.

85 4091 189 4171 criptis
213 4091 394 4173 specialiter
421 4111 478 4174 pro
501 4095 683 4174 exceptione
710 4111 852 4174 peremp·
905 4091 1127 4173 deUsuecpion.
1152 4093 1226 4164 Ouae
1247 4093 1374 4172 quidem
1394 4092 1534 4156 definitio
1555 4097 1603 4154 est
1624 4091 1672 4152 in·

84 4187 169 4262 toria,
184 4205 246 4267 per
269 4203 365 4266 wem
387 4187 479 4248 bone
499 4186 572 4250 fidei
593 4205 767 4268 possessor,
783 4193 853 4268 post
906 4187 1073 4267 telligeuda
1087 4187 1260 4262 causaliter,
1277 4192 1312 4250 ut
1326 4189 1532 4266 notatGlosse
1548 4191 1577 4249 t.
1594 4185 1669 4248 ibid.

83 4278 250 4342 decursum
272 4279 455 4358 temporina
471 4279 593 4360 legibus
608 4279 737 4356 deliniti,
755 4279 853 4342 domi·
906 4281 1028 4343 Etenim
1042 4281 1190 4362 usucapio
1214 4285 1262 4344 est
1283 4299 1377 4344 causa
1391 4280 1603 4361 acquisitionis
1617 4280 1673 4342 do·
1690 4316 1695 4332 ι

84 4387 153 4432 uum
177 4389 250 4434 rem
270 4389 361 4434 suam
384 4373 545 4452 pristinam
567 4378 780 4454 repetentem,
804 4381 853 4442 vel
906 4375 1012 4453 minii,
1036 4393 1099 4435 nou
1130 4393 1203 4437 vero
1226 4378 1273 4437 est
1292 4375 1359 4456 ipsa
1390 4375 1568 4455 acquisitio;
1592 4374 1673 4438 sicut

82 4466 209 4544 antiquo
240 4483 298 4527 suo
322 4466 404 4546 jure,
433 4467 479 4529 uti
506 4468 676 4542 uolentem,
700 4467 853 4546 repellere
908 4470 1006 4548 aperi
1021 4465 1144 4531 traditio
1155 4469 1199 4532 rei
1215 4476 1262 4530 est
1276 4488 1370 4532 causa
1383 4469 1598 4550 possessionis,
1606 4485 1672 4530 non

82 4561 193 4634 petest.
226 4558 280 4619 Sic
306 4558 390 4618 enim
417 4557 485 4638 quis
515 4559 626 4622 dieitur
651 4567 854 4622 contrusam
906 4579 980 4624 uero
995 4561 1061 4642 ipsa
1075 4561 1241 4642 possessio.

84 4648 309 4725 prescribere,
325 4654 602 4732 senperemptorie
617 4651 775 4732 excipere,
799 4670 855 4733 op-
946 4657 978 4717 7.
1000 4653 1134 4716 Solvitur
1154 4653 1293 4718 instantia
1317 4663 1419 4718 sonna
1440 4657 1503 4738 qus
1525 4653 1671 4738 defiuitio-

82 4741 229 4818 ponendo
258 4743 470 4807 cananaeum
498 4747 676 4808 sufficientis
706 4746 858 4834 temporie·
908 4769 982 4812 nen.
998 4783 1038 4794 -
1051 4749 1150 4811 Dices.
1179 4752 1257 4810 Data
1284 4749 1422 4812 delinitio
1450 4768 1513 4811 non
1541 4750 1674 4829 explicat

81 4836 337 4913 possessionem,
364 4856 420 4918 per
441 4857 534 4919 quam
561 4839 632 4902 lecit
659 4855 740 4901 rem·
753 4859 852 4902 suam.
909 4841 1111 4923 quidditatem
1125 4841 1334 4923 usucapionis,
1346 4843 1402 4905 sed
1416 4842 1565 4906 duntaxat
1579 4843 1672 4904 effec-

81 4927 117 4989 ux
139 4927 172 4989 in
195 4929 261 4993 boc
284 4948 378 4994 seusu
398 4934 538 5014 procedit
557 4933 680 4997 rubrica
694 4934 855 5014 prasentia
909 4937 1077 5016 tamajus,
1093 4937 1128 4996 ut
1145 4935 1284 5014 proxime
1307 4932 1440 5011 dictum;
1457 4954 1531 5018 ergo
1551 4936 1675 4995 nonest

80 5021 171 5084 tituli·
909 5030 992 5092 bona
1008 5047 1015 5088 :
1033 5045 1105 5090 narn
1124 5036 1307 5106 causatum,
1322 5025 1388 5091 sive
1409 5029 1551 5102 effectus,
1565 5044 1675 5087 neces-

118 5119 149 5177 ι.
167 5115 354 5200 Proeseipto
382 5117 478 5182 adduc
509 5118 664 5203 dupliciter
694 5119 854 5200 scopitur,
911 5125 991 5186 sario
1006 5115 1140 5185 dillerta
1161 5141 1273 5202 causa,
1289 5123 1382 5186 veluti
1402 5120 1618 5184 correlatiuum
1631 5118 1679 5202 ip·¹

80 5227 184 5291 nempe
203 5217 301 5291 praua
320 5219 349 5273 et
369 5211 401 5273 in
422 5211 491 5294 fieri
502 5233 515 5276 .·
528 5221 556 5276 et
572 5222 661 5296 prout
680 5223 722 5276 est
735 5214 767 5275 in
779 5212 857 5294 sacto
911 5217 985 5277 siue
1002 5216 1094 5294 Resp.
1117 5231 1190 5296 neg.
1212 5219 1413 5296 consequent.
1434 5233 1505 5276 cnm
1528 5230 1591 5274 sue
1605 5228 1677 5291 pro-

80 5321 147 5365 cace.
164 5331 209 5350 -ι
230 5301 329 5386 Resp:
340 5305 378 5368 11.
399 5305 591 5389 Ριεεεειίρῐίο
606 5309 708 5372 taliter
721 5315 855 5389 sumpta,
911 5309 1044 5374 bationis
1065 5311 1298 5388 consequentia.
1328 5309 1473 5382 Quamvis
1494 5308 1576 5369 enim
1599 5305 1678 5368 deti·

80 5395 189 5461 adbuc
204 5395 372 5476 dupliciter
391 5401 489 5481 accipi
505 5405 620 5482 potest.
636 5402 750 5483 Prima,
765 5410 859 5482 prout
912 5407 987 5469 nitio
1005 5407 1051 5468 rei
1073 5423 1137 5465 uon
1155 5411 1241 5468 recte
1261 5403 1452 5486 concipiatur
1470 5420 1528 5482 per
1549 5396 1678 5474 effectus

83 5497 129 5552 est
157 5490 194 5551 in
225 5489 295 5554 fieri
312 5509 319 5553 ε
337 5493 467 5573 qualiter
484 5497 568 5561 uliud
594 5515 657 5559 uon
681 5503 738 5576 est,
762 5517 858 5582 quaxn
911 5501 1020 5583 ipsius,
1033 5499 1085 5583 qui
1099 5499 1250 5563 duntaxat
1263 5504 1336 5563 siunt
1350 5497 1471 5573 remoti,
1488 5517 1524 5560 uc
1539 5496 1679 5580 pluribus

309 5637 346 5688 111
1432 5636 1469 5698 {5
