4008 6074
208 292 278 358 illl.
300 296 337 358 ll.
359 293 570 358 baunonia.
593 296 665 358 tlt.
687 297 778 360 XXX.
800 299 852 360 DE
873 297 1183 366 oonumnnttottlt
1201 301 1313 378 unul,
1335 301 1409 366 vai
1428 301 1577 366 INUTILI.
1624 303 1684 366 353

111 450 171 514 que
185 431 318 494 babetur
331 445 399 507 cap.
418 446 469 493 uo.
487 428 518 492 h.
536 432 558 492 1.
575 435 622 492 ost
635 431 810 511 generatim
827 451 866 498 ao
917 435 1006 497 sione
1019 435 1181 498 sententie
1191 435 1358 516 Judicialis,
1375 436 1439 498 sive
1459 435 1684 515 iurisdictionis

110 529 194 590 etiam
218 524 313 604 babet
333 525 437 586 locum
457 522 490 584 iu
511 523 614 598 laicis,
629 524 672 588 ibi
689 543 696 586 ι
718 529 863 590 «Tamen
913 528 1038 608 judicis,
1049 547 1120 608 qnae
1133 529 1169 592 iit
1182 529 1339 592 mediante
1354 531 1572 610 appellatione,
1587 533 1683 610 atque

109 640 173 684 cum
184 618 229 694 bi,
253 619 306 698 qui
329 617 483 706 accedunt
503 619 546 680 ad
567 620 765 697 praesentiam
788 639 861 684 nce-
916 621 1165 701 peregrinatione
1179 621 1220 682 ed
1234 621 1346 685 Sedem
1360 622 1571 700 apostolicam.
1593 622 1683 684 Nunc

108 721 190 788 bem,
210 731 285 778 cum
309 711 404 776 rebus
424 729 535 780 eorum
556 713 692 776 debeant
712 732 782 778 csse
804 716 863 778 sub
916 714 1050 778 vicissim
1062 714 1171 777 ultimo
1185 717 1245 776 hoc
1258 714 1387 776 secundi
1402 715 1471 776 libri
1485 713 1683 777 Decretotium

107 808 276 891 Apostolica
296 807 490 886 protectione
513 807 661 872 securi.»
690 809 864 872 Concordet
915 807 1023 882 titulo,
1050 807 1115 888 agit
1140 807 1322 887 compilator
1352 806 1392 869 de
1424 807 1680 882 confirmatione,

107 925 169 970 can.
192 903 232 966 Si
247 902 313 984 quta
325 902 502 984 Rootipetor.
518 905 552 966 et
564 919 635 968 can.
650 902 860 966 noemma.
914 907 982 963 tum
996 901 1073 974 utili,
1097 904 1165 964 tum
1186 900 1297 976 inutili,
1323 901 1483 964 sententie
1503 900 1678 978 judicialist

105 1004 192 1076 idq.
208 999 240 1060 3.
915 993 1553 1074 simuletiamagendodeconflrmatione
1568 993 1681 1056 insuu-

139 1095 166 1154 3.
199 1088 428 1169 Perepriocntee
458 1087 500 1152 cd
530 1086 635 1152 Mem
661 1085 860 1170 cpmtelicaai,
915 1091 1104 1168 mentorum,
1119 1089 1360 1172 privilegiorum,
1377 1095 1408 1152 et
1421 1089 1676 1152 abarummram.

105 1183 247 1248 antiton·
256 1189 326 1246 runt
336 1180 489 1262 attejas
502 1182 685 1264 protectore.
702 1211 742 1236 «·-
754 1185 861 1260 ltaque
915 1181 1002 1246 Unde

103 1277 333 1360 peregrinantes
355 1276 396 1338 ad
419 1277 533 1349 Sedem
556 1277 772 1355 apostolicam,
801 1277 861 1340 boc
954 1282 984 1340 2.
1008 1276 1201 1360 Confirmatio
1215 1267 1309 1360 picti
1320 1310 1361 1327 -
1374 1280 1527 1351 Quantae
1540 1281 1563 1342 1.
1587 1278 1677 1357 Quid,

104 1375 165 1456 ipso
186 1376 260 1434 suut
284 1371 439 1434 coaefituti
463 1371 522 1433 eub
536 1371 630 1449 hujus
644 1371 833 1450 protectione
849 1387 858 1432 r
915 1376 946 1435 ct
959 1371 1129 1452 quotuplex
1141 1373 1180 1435 sit
1193 1373 1396 1437 confirmatio.
1412 1375 1503 1454 Resp.
1519 1377 1542 1438 1.
1561 1372 1679 1454 Confir-

105 1475 132 1530 et
144 1467 167 1528 si
181 1465 259 1546 quid
273 1464 391 1526 eisdem
414 1471 484 1544 post
497 1465 556 1528 iter
569 1472 729 1546 arreptum
742 1464 862 1528 subtra-
914 1467 1014 1542 mott'o,
1030 1472 1181 1546 mantum
1196 1467 1236 1530 ad
1250 1467 1442 1548 propositum
1456 1471 1503 1531 est
1514 1468 1592 1547 juris
1602 1484 1681 1547 quo-

104 1563 200 1636 belur,
221 1558 272 1620 vel
291 1558 461 1632 auferatur,
486 1557 519 1620 id
540 1576 633 1620 omne
655 1559 751 1640 ipsios
773 1559 862 1624 rasti-
915 1577 1037 1640 cunque
1051 1560 1143 1623 modo
1159 1561 1279 1640 quesiti
1293 1562 1681 1642 perlegitimumeuperio·

103 1655 250 1718 mendum
268 1660 325 1727 est,
345 1671 414 1732 cap.
437 1671 493 1716 un.
511 1653 544 1718 b.
560 1653 704 1733 t-junoto
718 1655 862 1721 Summa-
914 1671 982 1718 rem
1007 1653 1089 1718 iacta
1115 1655 1336 1717 corroboratio.
1364 1657 1410 1718 lte
1440 1655 1612 1718 llostieasis
1647 1653 1681 1716 in

103 1751 154 1825 rio,
169 1751 202 1812 et
216 1746 395 1810 doctoribus
408 1747 484 1810 ibid.
915 1748 1038 1811 Samma
1052 1748 1084 1808 h.
1100 1753 1124 1809 t.
1139 1766 1171 1808 n.
1189 1751 1226 1822 1;
1243 1748 1382 1811 Barbose
1401 1750 1442 1810 ad
1462 1748 1579 1812 rubrio.
1599 1749 1633 1810 b.
1656 1754 1678 1809 t.

137 1847 166 1906 l.
181 1843 229 1906 Et
241 1842 350 1918 moto,
366 1841 482 1904 interim
494 1846 596 1904 contro
609 1842 686 1923 iprae
703 1847 858 1921 attentato,
895 1861 947 1904 ·n.
961 1848 992 1906 o.
1007 1840 1135 1922 Pirhiug
1148 1859 1180 1905 n.
1197 1846 1226 1906 1.
1243 1842 1361 1924 Sannig
1374 1842 1445 1905 eod.
1461 1861 1493 1904 ιι.
1508 1845 1538 1904 2.
1564 1845 1596 1904 et
1613 1839 1679 1902 alii.

103 1944 277 2000 moecatur.
292 1967 333 1988 «-
352 1937 391 1998 Et
410 1935 496 1998 istud
519 1934 694 1998 extenditur
713 1935 862 1998 etiamad
954 1942 983 2001 3.
1008 1937 1156 2020 Suppetit
1166 1938 1222 2017 jos
1239 1939 1339 2020 ah’qao
1356 1937 1439 2000 modo
1455 1937 1620 2019 qooen'tcm.
1639 1965 1680 1984 ·-

104 2051 146 2108 ee,
161 2051 231 2112 que
255 2030 380 2093 interim
401 2030 504 2092 taliter
524 2030 809 2110 preregrtuentibus
827 2032 861 2094 iu
913 2032 1042 2107 Dicitur,
1062 2032 1320 2095 ocemoboratio:
1335 2053 1351 2092 ιι
1370 2049 1440 2112 que
1455 2029 1607 2112 particiala
1619 2031 1682 2090 stat

102 2126 489 2206 jadicioperprocessum,
504 2125 862 2205 etsenteutiamjudicis
913 2126 983 2189 loco
1011 2127 1145 2207 generis,
1169 2143 1206 2190 ac
1228 2126 1361 2188 sumitur
1385 2126 1436 2188 bic
1458 2123 1617 2186 latissime.
1641 2125 1682 2183 Et

103 2221 282 2282 auferuntur
296 2237 306 2280 t
322 2236 397 2282 nem
410 2219 516 2280 omnia
536 2221 687 2282 attentata
708 2226 778 2299 post
797 2219 861 2284 tale
915 2221 1050 2294 additur,
1065 2237 1121 2300 per
1139 2221 1340 2301 «legitimum
1361 2219 1574 2300 superiorem:
1600 2239 1615 2276 u
1640 2216 1680 2277 ad

102 2313 414 2392 iterameptum,eive
430 2316 517 2376 extra
527 2313 680 2393 judicium
694 2331 750 2394 per
764 2314 863 2394 priva-
915 2312 1123 2376 excludendas
1146 2329 1218 2386 eas,
1248 2331 1317 2392 quse
1344 2331 1363 2374 a
1388 2312 1529 2392 personis
1555 2309 1682 2395 privatis

102 2415 173 2482 tum,
198 2407 265 2468 eive
286 2407 458 2487 injudicio
481 2407 863 2488 perseutentiamjudicie
915 2413 1084 2487 gerentum
1118 2412 1149 2468 et
1177 2407 1277 2486 magis
1304 2405 1556 2490 approbationes,
1586 2421 1682 2483 quam

101 2506 298 2576 alternentur,
322 2499 462 2562 revocari
476 2500 592 2562 debent
607 2519 614 2560 :
631 2501 727 2578 adeo,
743 2506 777 2562 ut
791 2519 863 2582 pro-
915 2498 1182 2574 confirmationes,
1211 2499 1272 2561 dici
1299 2505 1440 2580 possunt.
1464 2499 1581 2560 Dicitur
1603 2497 1682 2558 ulte-

100 2613 203 2656 oeseos
214 2613 274 2673 ‚per
284 2594 423 2673 judicem
437 2597 546 2658 contra
555 2596 863 2675 intemperegrinan-
915 2595 989 2667 rius,
1011 2615 1025 2652 ιι
1037 2593 1114 2672 juris
1128 2611 1314 2674 quoemqoe
1335 2593 1428 2655 modo
1442 2591 1563 2673 quaesiti
1580 2611 1587 2652 :
1604 2613 1619 2650 ιι
1641 2589 1682 2652 ad

100 2697 158 2752 tem
172 2687 369 2762 {actualicet
382 2689 572 2768 caeteroquin
583 2690 779 2771 justus,ipeo
792 2692 862 2770 jure
915 2686 1183 2767 complectendam
1229 2691 1393 2766 utramque
1441 2683 1682 2748 confirmationis

100 2801 159 2844 nou
172 2781 287 2844 valed.
304 2780 496 2843 Generaliter
510 2782 605 2856 enim,
621 2783 806 2845 accedentes
820 2783 862 2844 ad
916 2781 1062 2860 speciem,
1077 2781 1222 2842 uidelicet
1237 2783 1303 2842 tem
1323 2781 1404 2842 datae
1426 2779 1458 2840 in
1476 2779 1576 2839 torma
1597 2795 1684 2838 com-

98 2891 226 2954 papam,
249 2891 321 2936 cum
344 2874 408 2934 suia
428 2874 522 2936 rebus
543 2875 659 2938 debent
681 2875 740 2938 suh
761 2883 863 2956 prote·
915 2874 1015 2952 muni,
1030 2891 1125 2954 (ιιιειιι
1140 2892 1178 2936 ex
1192 2881 1278 2937 certa
1291 2875 1438 2936 scientia:
1458 2891 1532 2935 nam
1551 2876 1694 2950 utreque,

99 2970 197 3030 ctione
213 2967 382 3045 apostolica
396 2985 464 3030 esse
479 2968 592 3030 securi.
912 2968 965 3048 jus
978 2969 1083 3048 aliquo
1101 2971 1194 3030 modo
1219 2969 1384 3047 quesitum
1406 2965 1606 3038 corroborat;
1631 2964 1683 3025 illa

132 3065 163 3122 5.
186 3060 259 3124 lit'sai
270 3060 335 3141 quia
348 3079 448 3122 eorum
460 3059 499 3122 ab
512 3058 758 3142 infcriorijndice
770 3061 863 3141 fund
912 3063 964 3141 jus
992 3062 1130 3140 legitime
1158 3063 1322 3144 quaesitum
1338 3083 1346 3138 3
1375 3061 1443 3122 haec
1466 3060 1518 3140 jus
1546 3057 1682 3135 nulliter,

97 3155 228 3216 citatione
236 3160 417 3235 precmtaa.
434 3187 473 3198 -
488 3154 619 3232 Excipe,
635 3154 695 3214 nisi
709 3153 862 3216 accedeus
915 3163 948 3217 et
970 3153 1009 3217 de
1032 3157 1113 3218 facto
1136 3155 1287 3217 duntaxat
1312 3155 1488 3234 quaesitum,
1521 3150 1683 3230 Simulque

97 3249 134 3310 ad
155 3247 271 3312 Sedent
294 3245 497 3325 apostolicum
519 3246 561 3308 ub
583 3245 719 3338 inferiori
744 3247 860 3324 judice,
916 3267 973 3331 per
995 3250 1077 3311 hano
1099 3249 1284 3330 particulam
1306 3257 1418 3312 natura
1441 3245 1683 3310 confirmationis

97 3343 157 3404 sive
172 3339 344 3415 ordinario,
361 3339 426 3400 aive
441 3339 594 3419 delegato,
610 3338 703 3400 fuerit
716 3339 861 3404 citatione
915 3344 1016 3424 magis
1030 3343 1226 3406 declaratur:
1243 3343 1296 3422 qni
1310 3343 1393 3404 enim
1405 3341 1578 3415 coufirmat,
1604 3337 1682 3400 nibil

96 3437 286 3514 prevenias,
310 3437 479 3510 uunquam
502 3430 559 3492 iter
580 3431 755 3510 arripuerit.
784 3433 862 3504 Quia
915 3438 956 3500 de
970 3455 1049 3498 novo
1064 3437 1127 3513 dat,
1143 3438 1198 3498 sed
1212 3436 1331 3514 datum,
1348 3437 1396 3498 vel
1409 3436 1501 3499 aliter
1518 3433 1683 3514 qoaesitum

96 3533 179 3605 tnnc,
197 3531 307 3604 utpote
328 3525 369 3586 ab
389 3526 488 3588 altero
506 3525 573 3604 jam
595 3531 784 3606 preventus,-
798 3545 862 3588 non
915 3528 1106 3601 corroborat,
1121 3530 1143 3592 1.
1160 3529 1205 3592 Et
1218 3529 1300 3610 quio.
1316 3527 1350 3592 ff.
1372 3528 1407 3590 de
1425 3525 1580 3589 tueatur.
1601 3545 1681 3588 omo.

96 3627 200 3701 posset
212 3619 350 3698 amplians
362 3619 462 3699 ipsius
475 3622 591 3684 Forum
604 3620 860 3695 declinat-mute.
914 3621 1006 3700 judic.
1030 3622 1202 3684 Hosticnsis
1223 3623 1275 3685 cit.
1300 3639 1332 3684 ιι.
1359 3625 1387 3682 1.
1409 3621 1525 3699 janctis
1544 3619 1682 3682 dicendis

95 3711 144 3775 Ad
162 3713 227 3776 baec
249 3711 324 3773 aaut
346 3712 460 3773 menri.
481 3715 540 3777 30.
555 3711 591 3774 de
608 3713 758 3793 Appellat.
786 3719 817 3774 et
830 3732 859 3775 e.
915 3717 1041 3780 infran.
1057 3717 1106 3779 13.

95 3803 488 3886 propitiationum
501 3814 621 3886 compet.
639 3807 676 3866 Et
686 3805 782 3884 judex
796 3805 862 3868 eive
955 3815 985 3873 1.
1010 3807 1202 3888 Confirmatio
1216 3807 1247 3868 io
1259 3807 1357 3888 fumo
1370 3807 1522 3885 ammoni,
1543 3825 1591 3870 seu
1612 3807 1683 3870 aioa-

95 3895 285 3974 ordinarius,
301 3896 364 3958 siue
380 3897 552 3978 delegatus,
569 3899 736 3978 procedere
751 3901 864 3980 poterit
914 3905 996 3989 plec,
1008 3901 1278 3987 quet-,Respa
1292 3901 1490 3964 Confirmatio
1501 3901 1679 3982 estduplcx,

48 4065 53 4074 .
94 3992 125 4052 in
138 4009 261 4063 causa3
276 3989 504 4065 nonobstante,
520 3992 604 4070 quod
617 4011 689 4054 reus
702 4001 772 4073 post
785 3995 861 4058 cita-
916 4017 981 4060 una
993 3998 1025 4058 in
1038 3996 1137 4059 torma
1157 3993 1334 4069 communi;
1358 3993 1418 4058 alie
1440 3994 1473 4054 in
1491 3993 1591 4055 forma
1611 4011 1682 4073 spe-

93 4085 214 4148 tiooem
224 4081 506 4162 iterarripueritad
520 4083 633 4146 Setiam
647 4085 861 4164 apostolicam,
916 4092 996 4168 ciali,
1013 4107 1068 4151 seu
1083 4107 1121 4150 ex
1135 4093 1220 4149 ceria
1240 4086 1378 4150 scientia.
1394 4089 1440 4150 lto
1455 4086 1603 4162 Barbosa,
1618 4086 1679 4148 loc.

93 4197 119 4242 c.
145 4174 346 4240 mentatione.
362 4179 391 4246 9.
417 4179 451 4238 et
467 4195 494 4238 c.
510 4175 685 4258 tappetem
698 4188 750 4240 eet.
767 4182 815 4241 13.
832 4184 864 4244 ct
917 4187 968 4248 cit.
993 4203 1025 4246 n.
1050 4189 1089 4259 ὃς
1115 4181 1254 4263 Pirhing,
1270 4181 1302 4242 1ι.
1319 4186 1342 4244 t.
1362 4198 1394 4242 n.
1413 4185 1444 4244 2.
1464 4179 1591 4260 Sannig‚
1607 4179 1680 4242 cod.
1779 4181 1783 4190 '

91 4273 122 4334 d·
146 4291 177 4334 c·
201 4267 256 4334 Ad
275 4267 336 4331 hoec
354 4270 430 4332 tivit!
451 4271 565 4334 atterit·
592 4273 642 4334 30·
661 4271 697 4334 de
708 4270 861 4352 Appellat·
917 4299 949 4342 n.
966 4281 995 4341 3.
1012 4281 1044 4342 et
1058 4295 1145 4358 seqq.
1162 4281 1193 4339 et
1213 4277 1263 4337 elii
1285 4275 1500 4337 communiter.
1528 4295 1543 4332 ιι
1563 4273 1682 4336 Confir-

92 4365 202 4440 Sccus,
218 4363 248 4426 ei
266 4367 340 4426 autc
366 4363 481 4430 factam
503 4366 680 4430 citationem
698 4385 771 4430 reus
785 4369 865 4447 ejus·
918 4375 1013 4438 matio
1028 4374 1060 4434 in
1072 4372 1173 4434 torma
1186 4369 1343 4434 communi
1358 4369 1439 4450 (quae
1450 4374 1480 4430 et
1489 4367 1681 4432 confirmatio

91 4460 177 4522 modi
203 4460 266 4520 iter
284 4458 473 4537 arripuerit:
500 4478 575 4522 nam
596 4464 670 4524 tuac
680 4462 777 4541 judex
789 4461 866 4523 inie-
918 4467 1060 4546 simplex,
1076 4471 1169 4544 alque
1184 4463 1363 4525 ordinariae
1378 4462 1563 4542 appellatur)
1574 4465 1680 4539 caesi,

93 4553 158 4616 rior
173 4551 288 4650 npquit
300 4550 334 4612 in
347 4569 441 4614 causa
456 4554 625 4632 procedere
634 4575 643 4628 ;
652 4556 866 4634 proutdicitur
918 4579 982 4642 qua
991 4547 1131 4640 superior
1144 4576 1208 4619 non
1222 4555 1417 4636 precedente
1433 4555 1495 4617 alia
1504 4553 1681 4634 cognitione

91 4647 125 4707 iu
155 4645 286 4726 juribus
320 4645 460 4725 proximo
494 4646 644 4728 allegatis.
673 4649 866 4728 (Ablltl'll-
918 4671 1019 4718 causa
1039 4657 1143 4714 actum
1158 4640 1197 4711 ab
1219 4647 1416 4710 interioribus
1430 4653 1555 4728 gestum
1569 4648 1683 4711 confir·

90 4741 154 4804 ’ΠΟ
168 4739 281 4818 ΧΠ)
919 4747 1082 4811 matinen
1097 4749 1190 4822 statu,
1206 4743 1413 4824 inquuprius
1429 4741 1540 4805 fueret.

959 4846 990 4905 5.
1012 4839 1086 4903 Huc
1098 4837 1211 4899 collum
1218 4837 1273 4920 jos
1287 4855 1392 4898 mcum
1412 4833 1524 4912 tribuit,
1544 4832 1595 4896 aed
1610 4851 1681 4916 sup-

920 4937 1004 5022 ponit
1014 4942 1110 4998 actum
1116 4933 1185 5015 jam
1199 4931 1339 4995 calidum.
1363 4965 1403 4978 -
1423 4931 1462 4992 Et
1483 4929 1606 4991 additur
1626 4945 1683 4990 no-

341 5073 507 5140 mupus
535 5071 612 5144 m
919 5037 1021 5096 tenter
1035 5031 1078 5110 ly,
1097 5049 1113 5088 ι
1126 5029 1159 5089 1ιι
1173 5044 1211 5088 eo
1225 5031 1317 5102 stato,
1329 5027 1360 5134 in
1371 5043 1433 5104 quo
1443 5023 1527 5104 prius
1536 5021 1647 5082 fuerat.
1662 5041 1678 5081 ιι

615 5124 624 5142 ”
791 5137 796 5148 “
921 5125 1080 5206 Siquidem
1110 5121 1300 5184 confirmatio
1328 5139 1360 5182 ιιι
1386 5119 1485 5180 forma
1512 5132 1681 5192 communi,

143 5239 198 5304 ne
221 5235 477 5304 confirmatione
499 5237 592 5319 utili,
613 5237 667 5304 γε]
686 5239 811 5306 inutili,
921 5219 1041 5281 nullum
1060 5217 1112 5296 jus
1134 5231 1268 5287 norum,
1294 5229 1395 5292 neque
1420 5209 1557 5270 valorem
1577 5205 1684 5269 tribuit

920 5311 975 5386 illi,
991 5311 1039 5373 cui
1055 5307 1191 5382 accedit;
1208 5307 1264 5370 sed
1278 5303 1425 5387 supponit
1438 5308 1542 5364 actum
1555 5301 1619 5381 jam
1633 5318 1685 5362 ra·

130 5401 165 5461 l.
184 5395 276 5459 Italic
289 5397 509 5462 ceritirtocticoie
521 5401 867 5466 rubricarum-Visum
918 5405 1029 5478 lidum,
1045 5419 1178 5482 eamque
1194 5400 1354 5480 approbat,
1378 5403 1532 5477 quatenus
1554 5395 1593 5456 de
1613 5395 1685 5474 jure

89 5501 142 5559 est
163 5493 295 5558 duobus
308 5495 554 5575 precedentibus
569 5497 664 5560 titulis
679 5498 718 5562 de
738 5517 868 5582 suspen·
920 5499 1042 5565 validus
1056 5498 1167 5562 existit.
1184 5497 1291 5558 illoesa
1304 5510 1372 5572 cap.
1388 5509 1410 5553 1.
1429 5493 1460 5570 1.
1476 5489 1684 5572 Confirmatio·-
