4008 6074
223 263 310 344 §xl
333 265 613 338 brumanton
632 275 708 340 Abu
727 277 858 356 CASUS,
882 279 920 342 IN
941 281 1077 352 QUIBUS
1098 283 1322 350 spreuisse
1342 287 1420 352 NON
1440 289 1557 354 licut.
1620 293 1678 356 333

142 398 211 458 299.
236 397 390 462 Notarium
424 403 497 484 quid
528 405 666 472 donar?
692 441 731 456 —
756 411 863 488 Porro,
917 417 1021 476 ventio
1034 415 1123 480 dicta
1138 418 1328 482 decretalis:
1349 428 1381 484 et
1393 430 1619 502 consequenter
1632 425 1680 486 in·

107 487 295 550 rNotorinm
309 513 323 549 o
351 491 383 552 in
405 495 562 574 proposito
585 497 697 562 dicitur
714 501 791 564 illud
804 501 865 564 iac-
918 503 1020 568 debite
1034 510 1152 588 gravati
1176 516 1285 576 contra
1303 514 1419 576 ordinis
1443 517 1679 580 constitutiones

100 583 174 655 tum,
193 580 261 644 sive
281 583 408 662 crimen,
431 585 470 648 de
493 604 555 667 qno
577 597 698 656 constat
716 595 795 656 uvel
809 611 865 677 per
916 603 1471 684 possuntappellare.(ADNOTA'.l¹10
1491 611 1582 690 XXI.)

99 672 288 738 evidentiam
301 678 357 753 rei,
373 697 442 758 quse
457 682 540 744 nulla
562 685 663 764 possit
681 687 865 768 tergiversa-
957 696 1026 756 302.
1048 695 1086 758 ld
1106 697 1201 779 ipnrm
1213 700 1346 781 procedit
1357 702 1444 764 etiam
1458 703 1489 764 in
1502 701 1615 765 clerica
1626 721 1680 766 ete·

97 765 177 827 tione
192 768 304 846 celari;
320 793 336 832 ι
354 778 389 834 ut
402 773 514 838 dicitur
527 795 597 859 cap.
613 779 669 843 ult.
688 779 723 842 de
737 781 862 846 Colati-
916 785 1071 852 colonius.
1087 823 1127 840 -·
1141 792 1269 872 lnsnper
1287 793 1489 858 secularibus
1510 796 1602 858 etiam
1617 797 1680 860 cle·

97 865 149 920 tot.
166 859 277 926 Cierio
293 871 325 928 et
338 884 366 928 c.
380 865 542 932 Cumolim.
554 875 603 934 rt.
616 871 651 935 dr
665 871 748 936 Veri.
758 874 860 958 signif.
915 879 988 942 ricis
1001 880 1033 942 in
1047 883 1099 945 cit.
1124 901 1151 946 c.
1167 884 1419 968 Reprehemibilis.
1440 893 1490 952 26.
1512 890 1545 952 h.
1560 895 1584 952 t.
1598 908 1679 970 pra·

97 952 149 1014 Vel
163 954 204 1016 de
220 975 282 1037 qno
301 964 422 1022 constat
439 981 497 1043 per
516 965 675 1044 propriam
696 968 863 1032 contessio-
916 973 1036 1053 cipitur,
1058 997 1072 1036 o
1093 996 1135 1040 ne
1158 983 1266 1044 contra
1285 982 1479 1063 disciplinam
1494 983 1680 1046 ecclesiasti-

97 1065 166 1109 nem
179 1051 229 1112 rei
243 1051 356 1116 facmm
370 1059 403 1117 in
412 1057 550 1136 judicio;
566 1060 611 1122 uti
625 1060 758 1123 babetur
771 1063 802 1124 11.
814 1081 861 1126 cc·
916 1085 986 1130 cam
1012 1069 1045 1130 iu
1071 1089 1178 1134 rocem
1206 1075 1420 1155 appellationis
1448 1083 1620 1157 erumpant.
1647 1076 1678 1140 Si

97 1143 126 1200 et
139 1159 167 1203 c.
194 1141 273 1206 Cum
298 1149 429 1229 emeruit.
458 1154 508 1213 61.
536 1151 572 1214 de
597 1153 745 1236 Appellat.
774 1155 863 1226 Quod
916 1177 988 1222 vero
1003 1162 1157 1242 quispiam
1179 1161 1235 1245 pro
1250 1183 1307 1228 sno
1329 1169 1518 1232 necessitato
1540 1168 1680 1232 credide·

97 1237 862 1328 tamenintelligendumcstdecomessionesponte
916 1255 956 1315 rit
978 1256 1215 1336 appellandum,
1241 1268 1421 1340 competens
1448 1263 1477 1324 ei
1505 1263 1547 1325 ad
1572 1279 1680 1342 prose-

98 1325 189 1404 iacta',
205 1335 241 1394 et
253 1351 316 1393 non
329 1344 415 1400 metu
426 1339 523 1419 gravi,
533 1347 587 1402 aut
596 1340 626 1403 vi
640 1347 863 1404 tormentorum
916 1349 1319 1431 qnondnmappelletionem
1327 1355 1476 1418 terminus
1484 1355 1677 1436 preligatur:

98 1427 229 1486 extorta.
242 1423 378 1510 Pirhing,
389 1429 422 1492 h.
438 1436 461 1494 t.
472 1451 505 1494 n.
516 1434 637 1496 39.Vel
649 1436 689 1498 de
703 1453 765 1514 quo
778 1439 863 1516 patet
915 1440 997 1503 inira
1022 1462 1133 1523 quem,
1163 1446 1189 1507 si
1215 1446 1294 1510 forte
1321 1450 1467 1530 prosequi
1494 1450 1678 1532 neglexerit,

97 1533 151 1594 per
163 1521 356 1586 sententiam
365 1527 662 1606 condemnatoriam,
682 1551 701 1593 a
723 1551 785 1613 qua
799 1549 863 1594 non
915 1537 1160 1618 tuncepiscopus
1169 1539 1266 1604 libere
1276 1560 1332 1604 sna
1343 1544 1525 1608 auctoritate
1536 1547 1675 1620 uictuma

96 1607 149 1671 init
163 1615 378 1694 appellatum
400 1627 433 1682 nt
451 1623 503 1686 cit.
521 1641 590 1705 cap.
606 1625 705 1688 ultim.
721 1626 756 1688 do
770 1625 864 1690 corc·
916 1633 977 1692 etc.
991 1633 1066 1694 Hac
1085 1633 1239 1712 pertitam
1261 1637 1459 1716 postmodum
1485 1637 1681 1718 subjungens

98 1702 183 1767 bitot.
199 1707 298 1772 elene.
310 1713 419 1791 juncto
429 1735 498 1798 cap.
510 1736 532 1780 1.
548 1717 585 1780 de
596 1720 773 1802 Exception.
788 1727 862 1799 Aut,
916 1741 1044 1804 poenam
1070 1730 1367 1808 recompensationis
1393 1748 1618 1811 expensarum,
1648 1730 1681 1791 in

95 1795 132 1858 de
155 1817 222 1879 qno
244 1813 363 1868 constat
382 1827 439 1890 per
461 1815 556 1875 testes
570 1813 711 1890 idoneos,
727 1816 864 1896 abasque
917 1834 995 1897 quas
1009 1820 1234 1886 condemnatur
1242 1823 1405 1906 appellans
1414 1843 1477 1888 non
1487 1841 1681 1904 prosequens

94 1890 252 1972 legitimas
266 1901 475 1980 probationes,
492 1906 517 1968 si
535 1907 595 1968 illis
609 1907 686 1970 nihil
699 1910 798 1988 possit
811 1927 864 1988 op·
917 1929 1007 1973 suam
1033 1917 1293 1996 appellationem,
1325 1920 1482 2000 appellato
1515 1920 1679 1995 veniente,

94 1987 180 2064 poni,
198 1989 300 2070 sitque
311 1993 379 2072 jum
400 1995 433 2056 in
455 2016 550 2062 causa
570 2001 752 2062 conclusum
765 2001 816 2063 cit.
833 2019 862 2065 c.
916 2003 1059 2084 hancque
1073 2019 1292 2090 prosequente.
1782 2025 1785 2031 '

97 2075 269 2144 Cemetria.
293 2082 329 2146 de
357 2085 439 2150 Veri.
462 2091 564 2174 tignis.
586 2094 696 2173 juncia
709 2093 817 2156 Glossa
831 2094 864 2155 in
956 2102 1025 2164 303.
1048 2103 1249 2184 Contemptus
1259 2104 1619 2189 impeditoppellotionem.
1637 2104 1684 2168 Εἰ

96 2188 122 2231 c.
146 2170 413 2254 Sipnificoueruat.
435 2184 466 2260 i.
491 2183 617 2265 Liquere
637 2183 673 2248 de
694 2183 798 2250 Tertii.
814 2186 864 2248 Pi·
917 2191 989 2274 quid
998 2203 1260 2279 percomptam
1283 2199 1331 2262 die
1349 2199 1550 2281 intelligutur?
1563 2233 1602 2245 —
1624 2197 1683 2260 De·

94 2263 201 2343 rhing,
217 2265 251 2328 b.
266 2274 288 2331 t.
305 2287 336 2330 n.
352 2273 403 2337 55.
917 2286 1002 2350 aimo.
1019 2290 1266 2370 uGontemptusn
1286 2291 1414 2372 impedit
1422 2292 1489 2354 fieri
1500 2291 1683 2372 appellatio-

133 2359 207 2419 300.
230 2359 258 2420 Α
282 2359 413 2444 lepitr'mo
426 2371 596 2432 eorrect'oae
613 2391 670 2434 oon
697 2373 864 2438 admittitur
916 2397 1003 2442 nem.
1025 2379 1084 2444 Ubi
1105 2399 1162 2461 per
1181 2403 1196 2442 ιι
1215 2385 1434 2465 contemptum
1457 2409 1472 2446 a
1499 2384 1683 2464 intelligitur
1762 2415 1765 2422 =

94 2449 268 2531 appellatio,
284 2459 447 2535 promtior
461 2461 492 2522 ia
505 2463 700 2545 regularibus.
710 2499 750 2514 ·-
762 2469 861 2546 Nono,
917 2474 1112 2536 contumacia
1123 2474 1219 2553 judici
1230 2467 1365 2540 exhibita
1379 2479 1588 2542 inveniendo.
1604 2479 1683 2538 Nam

93 2543 126 2620 ly
143 2565 162 2602 a
177 2545 303 2628 Corrige
318 2573 333 2610 n
351 2551 488 2631 denotat,
510 2577 574 2620 non
592 2561 712 2625 admitti
726 2563 864 2644 appella·
917 2583 1008 2627 verus
1022 2573 1189 2630 contumax
1204 2569 1322 2650 (idest,
1338 2572 1402 2649 ille,
1418 2573 1472 2652 qui
1486 2572 1587 2634 tribus
1600 2571 1682 2632 edic-

94 2638 215 2700 tionem
230 2642 402 2724 elegitima
416 2653 616 2720 correctione.
632 2657 745 2718 Textus
766 2664 812 2719 est
831 2657 863 2720 in
918 2660 955 2720 tis
969 2661 1145 2741 propositis,
1157 2663 1279 2726 relano
1293 2665 1402 2742 tribus,
1415 2666 1501 2744 qnod
1512 2657 1683 2744 oPeremp-

93 2745 121 2790 c.
135 2729 233 2792 Licet.
251 2736 297 2796 ts.
314 2735 351 2798 de
365 2738 453 2822 Osfio.
468 2743 602 2810 ordiner.
617 2747 660 2810 ibi
677 2767 684 2810 :
706 2751 819 2813 rLicet
831 2752 864 2814 in
917 2751 1031 2814 torium
1050 2760 1178 2830 vocant,
1194 2755 1331 2838 legitime
1350 2759 1399 2820 vel
1415 2757 1554 2837 judicem
1573 2756 1683 2821 citatus

92 2824 289 2904 corrigendis
302 2833 490 2911 excessibus,
502 2837 592 2916 juxta
610 2843 776 2906 canonicas
790 2865 862 2908 san·
918 2851 975 2920 est,
992 2852 1023 2908 ct
1037 2853 1141 2909 tamen
1155 2867 1218 2910 non
1237 2849 1404 2932 impeditus
1417 2851 1538 2926 morbo,
1555 2856 1609 2912 aut
1622 2849 1684 2910 elia

90 2917 226 2996 clionee,
241 2923 455 3003 appellationis
478 2930 517 2993 sit
536 2932 699 3014 diffugium
717 2937 863 3001 interclu·
917 2939 1055 3020 legitima
1078 2959 1184 3018 causa,
1208 2944 1407 3023 presentiam
1432 2945 1479 3006 sui
1508 2943 1622 3020 iacere,
1651 2946 1684 3004 et

91 3028 165 3072 sum
182 3032 189 3073 :
206 3035 222 3073 o
238 3015 355 3094 junctis
368 3026 594 3090 concordandis
613 3049 632 3090 a
655 3031 762 3094 Glossa
785 3033 860 3096 ibid.
918 3036 1023 3098 venire
1042 3037 1227 3118 contemnit)
1247 3037 1327 3114 talis,
1342 3037 1486 3116 inquam,
1501 3055 1595 3100 verns
1608 3053 1683 3098 con-

91 3107 123 3182 t.
141 3105 355 3192 Interdictum,
383 3117 513 3186 relatis.
528 3120 625 3202 ldque
651 3123 702 3186 vel
728 3127 862 3188 maxime
916 3130 1022 3188 tumax
1037 3145 1056 3188 a
1069 3126 1225 3190 sententia
1238 3135 1347 3190 contra
1360 3145 1433 3190 eum
1446 3127 1509 3190 lato
1523 3127 1681 3207 appellare

91 3201 237 3276 procedit
262 3203 295 3264 in
321 3209 526 3290 regularibus,
552 3233 589 3282 e.
608 3215 860 3298 deprehensibili.
916 3222 1024 3301 nequit
1039 3241 1046 3283 ι
1063 3227 1095 3285 ct
1111 3223 1273 3303 appellans
1288 3241 1351 3285 non
1365 3222 1500 3297 auditur,
1516 3227 1681 3302 postquam

89 3295 141 3354 26.
160 3293 251 3376 §nm
268 3297 300 3360 h.
319 3303 339 3362 t.
357 3307 389 3363 ct
401 3320 429 3366 c.
453 3303 702 3372 Adiecerunt.
719 3312 788 3373 eod.
806 3311 862 3374 Ubi
915 3315 1041 3394 negotio
1064 3317 1151 3396 prius
1174 3318 1353 3380 summatim
1372 3321 1565 3398 perscrutato
1586 3331 1681 3395 snper

90 3404 243 3466 expresse
272 3396 434 3473 statuitur,
469 3402 555 3480 quod
579 3421 599 3465 e
624 3404 764 3484 legitima
797 3422 862 3468 cor·
915 3412 1109 3473 contumacia
1137 3431 1194 3476 sua
1221 3411 1444 3474 condemnatus
1471 3408 1538 3470 init.
1567 3408 1681 3469 Textus

89 3481 234 3545 rectione
260 3487 382 3565 praelati
403 3494 576 3572 regularis,
612 3496 694 3560 iacta
721 3499 862 3564 videlieet
915 3503 1087 3566 eatinis.
1105 3503 1435 3586 Ouorumoppellotion.
1455 3521 1513 3566 aon
1525 3501 1678 3582 recipiunt·

87 3574 179 3653 juxta
193 3582 312 3660 regula
325 3587 554 3668 prescriptum,
566 3596 597 3654 et
615 3593 731 3655 ordinis
747 3596 862 3657 consti·
914 3597 968 3660 ubi
989 3596 1119 3677 proinde
1141 3598 1285 3662 Bartolus
1303 3600 1337 3660 in
1350 3597 1529 3662 Summorio.
1546 3595 1681 3658 breviter

87 3671 243 3750 tationes,
259 3679 538 3760 cansadisciplinte
559 3687 723 3767 regularis,
745 3691 861 3752 nonsit
913 3689 1013 3769 inquit
1030 3707 1037 3751 :
1057 3709 1072 3749 ιι
1095 3691 1195 3752 Verus
1218 3695 1385 3754 contumax
1406 3710 1470 3754 non
1498 3689 1675 3771 appellato

86 3765 287 3830 admittenda
310 3773 478 3852 appellatio
494 3796 501 3839 :
525 3778 585 3840 nisi
606 3781 718 3844 modos
733 3785 861 3846 excede.
913 3782 1000 3846 idem
1013 3786 1099 3862 petet
1112 3801 1151 3844 ex
1163 3784 1185 3846 l.
1199 3783 1255 3846 En
1269 3803 1414 3846 concensu
1430 3785 1464 3846 ff.
1479 3783 1516 3846 de
1528 3782 1677 3865 Appellat.

84 3863 152 3921 tur.
174 3881 190 3920 u
217 3863 296 3934 Quia
317 3867 363 3946 (ut
381 3869 519 3950 loquitur
538 3874 580 3936 ibi
601 3878 749 3961 pontifex)
762 3898 861 3944 reme·
915 3882 947 3940 et
968 3878 989 3939 l.
1016 3874 1217 3940 Contuorocio.
1242 3877 1275 3940 u.
1296 3881 1330 3944 de
1351 3898 1385 3940 re
1398 3878 1529 3961 judicet.
1557 3881 1592 3940 ln
1615 3893 1677 3956 quo

84 3953 178 4014 dium
205 3959 422 4038 appellationis
448 3984 513 4027 non
536 3967 606 4032 ideo
626 3976 674 4033 est
687 3973 857 4053 inventum,
914 3971 1077 4052 posteriori
1098 3972 1167 4034 loco
1191 3971 1332 4035 dicitur:
1362 3995 1377 4032 ιι
1396 3971 1597 4035 contumacia
1624 3988 1679 4034 co·

85 4053 121 4108 nt
136 4047 232 4109 alieni
246 4070 265 4113 a
280 4053 449 4136 religionis,
473 4064 505 4126 et
527 4062 644 4126 ordinis
664 4065 860 4130 observantia
913 4084 994 4142 rum,
1020 4065 1073 4146 qni
1092 4067 1145 4146 jus
1168 4066 1284 4132 dicenti
1307 4085 1370 4130 non
1389 4067 1593 4146 obtemperat,
1616 4063 1678 4126 litis

83 4141 290 4221 exorbitanti,
305 4148 419 4213 debeat
440 4151 473 4214 in
495 4171 552 4218 sua
572 4158 712 4238 nequitia
729 4161 860 4241 patroci-
912 4159 1027 4220 damno
1043 4165 1203 4224 coercetur
1215 4181 1222 4223 :
1234 4161 1293 4224 boc
1307 4167 1355 4224 est
1368 4161 1415 4241 (nt
1428 4160 1561 4240 explicat
1571 4159 1679 4221 Glossa

83 4233 179 4294 nium
193 4237 384 4304 exhibere.»
913 4251 989 4313 ibid.
1006 4254 1038 4330 i.
1060 4253 1133 4316 Litis
1156 4254 1272 4317 damno
1294 4256 1467 4335 coercetur)
1490 4257 1607 4316 utnon
1626 4271 1679 4332 ap

128 4329 202 4390 30¹.
224 4330 296 4394 nto-t
307 4335 588 4408 moduseceedotur.
604 4378 643 4395 -
656 4347 791 4410 Additur
803 4339 860 4410 no-
913 4345 1043 4426 pellona
1060 4368 1075 4408 ι
1094 4348 1235 4426 quamvis
1249 4365 1313 4410 non
1331 4348 1411 4410 illico
1425 4347 1589 4410 admittant
1602 4363 1678 4409 eau-

86 4427 195 4485 tanter
204 4441 279 4490 cnm
291 4436 474 4516 summario,
490 4443 522 4500 et
534 4439 713 4503 doctoribus
728 4442 857 4522 ibidem,
915 4455 982 4498 sum
995 4438 1210 4520 principalem,
1226 4439 1252 4503 si
1266 4443 1456 4522 ceteroquin
1474 4442 1591 4521 justam
1605 4459 1679 4505 can·

89 4536 106 4573 o
121 4515 184 4578 nisi
198 4522 311 4584 modus
326 4528 530 4594 excedatur.»
548 4533 637 4610 Nam,
649 4541 684 4598 ut
696 4553 860 4614 argaman
915 4545 982 4592 flam
995 4529 1130 4594 foveant·

83 4613 175 4671 tatur
201 4611 308 4690 Abbas
334 4617 386 4680 cit.
415 4639 442 4682 c.
467 4621 520 4686 Ad
540 4631 681 4690 omnam.
696 4645 729 4688 n.
745 4631 773 4689 l.
786 4626 817 4690 h:
833 4631 857 4690 t.
953 4628 1022 4688 304.
1047 4628 1221 4705 Possessio,
1235 4647 1284 4693 seu
1303 4631 1441 4694 sonnatio
1459 4629 1520 4693 toto
1533 4631 1565 4692 ia
1574 4647 1682 4712 possea

83 4712 860 4802 argumentoasensucontrariodesnmpto‚etiam
913 4721 1005 4800 snio,
1030 4739 1088 4784 aon
1111 4720 1240 4785 admittit
1260 4723 1494 4804 appellationem.
1518 4759 1557 4770 -
1583 4722 1679 4789 Unde-

83 4796 247 4877 religiosis
260 4804 449 4881 permittitur
468 4811 646 4890 appellatio,
667 4813 792 4893 quando
814 4815 862 4877 in·
915 4815 998 4892 nirw,
1020 4816 1217 4894 uPossessic,
1233 4839 1248 4878 a
1267 4817 1332 4881 sire
1347 4819 1500 4881 sententia
1512 4817 1575 4882 iata
1589 4819 1622 4879 iu
1632 4818 1681 4896 ju·

83 4891 216 4970 debite,
239 4903 270 4958 et
283 4905 392 4964 contm
406 4903 522 4966 ordinis
536 4908 769 4970 constitutiones
783 4926 864 4988 prae·
915 4907 997 4970 dicio
1021 4910 1232 4989 possessorio,
1256 4928 1320 4972 non
1344 4911 1478 4975 admittit
1499 4909 1681 4990 appellatio·

85 4989 266 5065 gravantur
296 5009 354 5070 per
385 4996 577 5076 superiorem
612 5019 706 5064 sunm
736 5021 744 5064 t
777 5003 863 5066 band
917 5019 1000 5065 nem.
1015 5006 1129 5066 textus
1144 5007 1191 5072 est
1210 5005 1243 5066 in
1262 5005 1284 5068 l.
1306 5024 1360 5068 un.
1375 5025 1404 5070 c.
1420 5005 1459 5088 Si
1470 5004 1505 5067 de
1522 5009 1685 5106 momento-3

87 5078 252 5156 obstante,
277 5085 362 5164 qnod
382 5086 433 5151 hic
456 5093 605 5171 procedat
623 5113 680 5174 per
698 5095 781 5158 viam
796 5114 865 5158 cor·
917 5115 971 5158 oea
991 5095 1171 5178 ροιιειιὶοιιε,
1198 5101 1259 5159 etc.
1277 5098 1385 5177 juncto
1406 5115 1526 5162 canone
1545 5095 1607 5172 Ei,
1631 5113 1682 5176 qiu

86 5173 255 5252 rectionis,
272 5195 339 5258 arg.
356 5197 385 5244 c.
400 5181 652 5264 deprehensibili.
667 5189 745 5268 ΞΜ
759 5189 813 5253 fin.
829 5190 862 5255 b.
918 5193 1057 5276 appellnt.
1073 5191 1148 5272 §Dr
1164 5196 1348 5276 poenaeue.
1370 5200 1400 5259 2.
1423 5212 1454 5275 q.
1474 5198 1504 5256 6·
1520 5192 1588 5254 ibi:
1609 5193 1683 5254 «ΒΘ

89 5277 116 5334 t.
135 5268 195 5332 Ubi
208 5273 362 5353 religiosis
375 5294 433 5357 per
445 5283 623 5363 superiores
636 5302 712 5348 suos
724 5283 864 5350 indebite
918 5289 1114 5369 possessione
1124 5288 1229 5368 ctiam,
1239 5295 1271 5354 et
1283 5289 1351 5370 ejus
1364 5291 1533 5366 memento,
1550 5285 1576 5348 si
1590 5302 1686 5349 cansa

91 5367 389 5445 excommunicatis,
398 5375 552 5439 sonaliter
560 5379 708 5458 gravatis,
720 5382 867 5460 acproin.
919 5383 1062 5462 dicetur(
1077 5399 1148 5462 quae
1162 5383 1314 5446 sententia
1332 5381 1563 5446 interlocutoria
1578 5380 1686 5462 appel·

91 5457 137 5519 de
152 5461 398 5544 appellantibus,
411 5469 550 5552 rigorose
564 5471 744 5554 precipitur
759 5473 865 5540 obser·
923 5476 1022 5559 latur)
1038 5475 1179 5560 quamvis
1192 5476 1369 5560 provocatio
1388 5477 1568 5558 interposita
1581 5473 1685 5554 luent,

318 5584 354 5630 ιιι
1436 5589 1475 5651 33
