4016 6056
503 282 605 364 exn.
628 283 678 344 on
698 277 825 346 estun
843 281 1027 345 munem
1046 279 1313 348 nemorosis.
1369 339 1372 348 .
1638 285 1697 348 eoi

118 419 282 482 bonefisio.
297 418 385 480 Pelet
397 417 479 479 istud
491 433 530 478 ox
544 419 653 479 tenore
666 417 775 480 indulti
789 435 879 498 opos·
934 417 1035 482 solum
1048 416 1248 500 intelligenda
1261 419 1310 480 est
1323 416 1367 480 de
1376 417 1497 481 eutem
1511 415 1621 480 Pre‘rnie
1633 436 1701 498 pre·

117 513 211 584 toliei,
228 527 321 591 supra
335 528 368 574 n.
383 513 455 572 ere.
465 509 627 590 inuiolati
639 529 647 570 r
659 527 739 572 vers.
750 511 881 593 eoquod
932 511 1022 590 obre,
1030 529 1108 593 quas
1117 515 1211 574 autea
1219 510 1352 572 obtinuit
1360 510 1494 589 presiate
1503 527 1560 592 pru
1568 509 1700 574 disemis

118 601 267 666 Cetettodo
276 623 288 664 .·
298 610 330 665 et
342 601 477 682 emplius
490 602 628 665 domest
640 603 785 680 llbokier,
802 603 876 666 ibid.
933 605 1070 668 sedenis
1082 605 1123 668 ed
1137 603 1227 667 sitim
1241 603 1500 684 consequendum
1511 604 1570 668 bec
1579 605 1699 668 ratione

115 697 430 770 insolationem,
450 694 483 758 io
503 695 573 758 fieri
593 713 684 775 posse
704 695 753 757 vel
772 696 880 786 sinel;
933 697 1143 760 benefieiiun:
1167 714 1231 759 non
1244 701 1352 760 entem
1364 697 1638 777 tollitlmperatori
1650 697 1697 759 lu-

115 797 202 872 pnta,
217 789 291 871 quia
305 791 410 853 Gener
428 807 486 868 per
508 788 591 850 idem
613 788 761 868 diploma,
786 795 880 869 obque
933 791 1079 852 onlnem
1094 791 1277 853 mnesoenti
1300 791 1377 854 ellos
1396 789 1517 854 Prtlnne
1534 809 1632 872 wem
1645 791 1698 854 tuli

116 884 174 945 sub
201 883 295 944 unioo
322 885 469 944 contextu
496 879 677 956 verborum,
702 883 879 962 quempiam
933 885 1073 962 prorutae
1086 890 1156 964 post
1170 883 1282 964 prioris
1296 883 1696 964 mffloonsumptionem.

115 975 310 1037 nominatad
328 973 467 1036 diuersas
489 973 648 1052 ooolesias,
673 989 729 1036 seu
752 977 880 1038 oeuoui-
933 979 1010 1040 Rota
1036 977 1130 1040 donis.
1155 981 1224 1042 788.
1249 976 1335 1057 opud
1355 975 1448 1042 Curd.
1470 977 1695 1057 seraphinum,

114 1073 214 1132 estus.
230 1067 285 1131 Vel
298 1067 469 1146 armenon·
480 1072 568 1147 putu,
582 1069 676 1132 bodie
690 1070 878 1134 nominando
932 1087 1027 1148 quem
1041 1069 1164 1150 ellegat,
1180 1075 1212 1130 et
1225 1067 1366 1148 sequitur
1379 1068 1524 1144 Gbokier,
1536 1070 1589 1133 ubi
1604 1087 1698 1150 supra

114 1163 295 1242 preoislem¹
315 1163 358 1228 ad
392 1161 610 1226 canonicatum
643 1162 879 1242 Frisengensem
932 1165 1055 1226 seete
1073 1166 1105 1240 y.
1120 1163 1170 1224 lto
1184 1169 1278 1226 tomm
1291 1160 1378 1244 quon

114 1257 454 1336 proximeveoeturum‚
467 1259 498 1314 et
507 1271 574 1316 orus
584 1271 640 1334 per
649 1254 732 1316 allud
742 1254 878 1334 diploma
971 1257 1041 1319 588.
1063 1254 1195 1318 ennea
1209 1254 1289 1320 dete
1301 1263 1452 1336 acceptare
1466 1254 1634 1338 beneficium
1646 1275 1699 1318 oo·

113 1349 306 1414 nominando
319 1350 422 1430 ipsum
436 1348 476 1410 ad
490 1349 705 1410 canonicatum
722 1349 879 1428 Augusta·
930 1367 1000 1411 oenr
1012 1349 1091 1412 into
1105 1367 1240 1412 mrem
1251 1349 1503 1421 -QumriturV
1517 1349 1601 1414 lulrs
1614 1349 1698 1430 quod

113 1461 202 1517 nom,
217 1441 549 1506 velllslisboneusem.
796 1477 801 1482 -
931 1449 1055 1523 tempus
1076 1446 1219 1508 teneatur
1238 1442 1373 1526 prenisto
1394 1449 1559 1523 aooeptare
1579 1445 1698 1508 benefi-

151 1539 224 1599 eet.
247 1535 324 1614 Quid
339 1534 523 1617 peonitentia
545 1535 701 1596 mosano
725 1533 767 1596 od
790 1535 878 1616 ptura
931 1537 1161 1612 numenesus3
1176 1537 1308 1618 etquid,
1330 1539 1355 1600 ei
1375 1537 1698 1621 nmfflunnegnget

112 1628 323 1707 mmfiobt-
336 1628 595 1690 Proderltnntem
608 1627 785 1708 hujusmodi
798 1627 879 1690 mul-
932 1628 1015 1693 istud
1028 1635 1207 1712 aooeplaret
1227 1633 1321 1712 Rosp.
1337 1633 1361 1694 1.
1377 1632 1417 1696 Ul
1430 1630 1533 1700 Preces
1545 1633 1698 1714 pomoeriu

111 1728 249 1832 tipliosta
276 1724 317 1787 ed
343 1726 430 1804 plura
457 1723 608 1786 bonefisio
635 1723 821 1802 nominatio,
845 1727 879 1786 ut
931 1723 1128 1804 imperatoris
1155 1741 1248 1786 suum
1270 1724 1437 1788 sortientur
1463 1723 1623 1802 suenum,
1650 1732 1696 1792 te·

112 1821 183 1900 quis
206 1821 332 1898 omos,
356 1818 508 1897 citiusque
526 1823 740 1896 consequatur
762 1817 878 1880 benelb
931 1823 1023 1880 netur
1044 1818 1176 1898 preoistu
1190 1817 1269 1882 iutra
1291 1821 1647 1900 mensonpostqnam
1638 1821 1697 1900 ipsi

110 1915 219 1976 oium:
244 1929 319 1974 nem
342 1910 432 1973 sitim
453 1911 532 1972 solet
553 1909 736 1988 eontingere
758 1910 876 1972 rumbo
931 1913 1049 1976 moeno
1063 1910 1157 1976 obluti
1171 1911 1315 1976 benolioii
1329 1913 1577 1992 innotueril,per
1590 1915 1697 1988 ee,vsl

109 2005 258 2086 quedam
277 2005 309 2066 in
332 2003 483 2083 pluribus,
508 2021 603 2096 qinom⁴
624 2004 657 2064 in
681 2021 742 2064 uua
764 2003 878 2066 solum·
931 2022 987 2084 por
1000 2011 1232 2085 proourotorem
1255 2005 1346 2068 adid
1365 2004 1500 2085 epeoiole
1514 2005 1697 2070 moudntum

110 2098 205 2160 modo
220 2098 363 2162 eoeleste.
379 2098 525 2170 Quamvis
538 2115 576 2159 ao
590 2096 763 2172 eveniente,
782 2101 877 2176 etque
930 2097 1109 2170 habentem,
1125 2097 1278 2176 ejusmodi
1301 2097 1669 2181 beneficiumaooeptore
1686 2119 1693 2164 ε

110 2191 277 2254 submonte
306 2191 470 2253 nolletions
492 2189 654 2265 benefioii,
677 2207 786 2252 omnes
808 2192 876 2254 alie
929 2190 1036 2270 sinque
1050 2196 1122 2254 ente
1135 2190 1275 2270 olepeum
1297 2193 1601 2264 mensem-sollemni
1615 2193 1697 2258 ordi-

108 2286 232 2368 gratiu‚
254 2303 311 2348 sen
330 2284 560 2347 nominationes
582 2281 623 2343 ad
642 2283 705 2345 elia
725 2283 878 2349 benefitia
930 2283 1031 2357 nario,
1045 2301 1076 2346 v.
1092 2303 1124 2364 g.
1140 2285 1297 2367 episeopo,
1322 2287 1373 2348 rol
1391 2287 1527 2367 oepitulo
1548 2288 1696 2368 oapitula·

108 2381 323 2443 mediantibus
349 2378 462 2440 Pn'mie
487 2373 625 2438 Procilio
655 2376 763 2451 faotoe,
796 2377 875 2440 illioo
930 2376 1004 2440 riter
1017 2382 1222 2456 oougrsguto,
1238 2378 1398 2442 insinuem
1418 2379 1603 2461 resenptnm
1624 2382 1697 2444 Pre-

109 2483 235 2538 oessent
257 2495 264 2536 :
293 2476 337 2538 Ne
364 2473 508 2535 videlieet
533 2477 646 2552 proter
672 2473 875 2534 inlenu‘onem
928 2487 1000 2532 oum
1013 2469 1295 2548 imperatoriarum.
1310 2475 1358 2534 lte
1372 2474 1520 2553 Gbokier,
1537 2475 1570 2536 in
1591 2473 1696 2540 Preoee

108 2568 326 2641 consedente,
346 2567 399 2646 qui
421 2566 512 2645 plura
533 2565 684 2627 benetioia
706 2583 876 2646 consequa-
929 2563 1104 2628 Penariae
1129 2571 1204 2628 seot.
1230 2570 1261 2628 t.
1289 2569 1322 2643 t.
1348 2566 1434 2628 Intro
1456 2585 1590 2632 menwo.
1607 2577 1638 2634 et
1661 2573 1693 2647 y.

108 2669 172 2736 tur,
197 2669 305 2724 oonlro
325 2677 353 2722 o.
378 2659 422 2722 De
443 2658 545 2720 nmlto.
571 2661 619 2720 28.
640 2659 672 2718 b.
694 2660 719 2720 t.
743 2677 815 2720 eum
835 2657 876 2718 si·
929 2657 1077 2720 nostor
1102 2657 1292 2741 ocemund&
1319 2659 1458 2742 Pirblng,
1473 2661 1506 2729 h.
1530 2665 1553 2725 t.
1575 2665 1693 2742 u.,3'l'l.

106 2753 247 2829 milibus,
271 2761 301 2816 et
324 2757 435 2815 eontra
455 2768 483 2812 o.
504 2749 543 2813 Si
565 2749 704 2814 Clenna
729 2754 777 2814 ll.
802 2751 873 2813 eod.
928 2752 1026 2830 idque
1045 2753 1132 2830 petet
1152 2770 1190 2814 ex
1212 2755 1321 2818 tenore
1344 2753 1454 2820 indulti
1477 2755 1637 2834 apostolioi
1654 2756 1696 2821 ab

106 2851 142 2908 in
157 2851 188 2908 6.
199 2847 309 2926 junoto
330 2849 417 2908 textu
437 2844 601 2906 memorati
623 2843 733 2909 indulti
753 2850 876 2923 aposto·
930 2845 1041 2908 eodem
1054 2843 1154 2918 relati,
1169 2845 1362 2918 illisionis,
1382 2853 1442 2912 eet
1455 2863 1525 2928 quae
1539 2865 1692 2926 persone,

107 2941 173 3015 liei,
196 2939 264 3000 ibi:
292 2941 362 3001 olu
389 2945 505 3015 umen,
534 2937 618 3016 quod
644 2937 877 3018 quamprimum
929 2953 986 3015 pro
1000 2935 1116 3016 quibus
1127 2937 1250 3010 Praese,
1266 2953 1323 3000 eeu
1335 2939 1570 3004 Nomiuntioues
1587 2940 1629 3003 sd
1640 2941 1696 3004 illa

108 3049 244 3114 persona
270 3033 312 3094 eit
335 3032 508 3106 nominata,
531 3031 572 3092 de
595 3029 699 3110 atquo
721 3029 875 3094 beneficio
929 3028 1105 3108 (benolioia)
1119 3046 1154 3090 se
1168 3029 1439 3108 extendantintra
1448 3040 1696 3114 mensempost·
1807 3053 1811 3072 ·

106 3127 234 3207 proviso
254 3125 358 3198 luerit,
381 3125 448 3202 ejus
470 3123 639 3186 nominato
663 3124 769 3202 quoad
798 3125 875 3186 elios
929 3139 1024 3204 qnam
1046 3122 1121 3203 ipsis
1143 3123 1262 3188 venatio
1276 3123 1456 3202 hrnfnsmodi
1470 3125 1695 3190 moefimorum

104 3217 285 3302 collatores,
300 3217 350 3278 vol
363 3215 535 3278 oollauioos
548 3215 640 3294 bete,
658 3217 725 3295 ipso
737 3217 808 3295 jure
823 3235 876 3280 ex·
929 3214 1117 3288 innotuerit,
1146 3215 1290 3278 duxerint
1316 3218 1518 3298 aooeptautla.
1546 3240 1563 3280 r
1594 3221 1696 3300 Atque

104 3314 200 3392 pir-et.
929 3310 1012 3375 istud
1024 3309 1135 3376 merito
1150 3311 1300 3373 statutum
1321 3310 1395 3386 luit,
1419 3329 1457 3375 eo
1474 3311 1560 3391 quod
1575 3311 1694 3378 diutine

147 3405 217 3467 588.
240 3401 347 3464 Etiam
354 3410 424 3484 poet
435 3403 571 3483 motem
588 3403 672 3483 prius
694 3401 873 3483 beneficium,
927 3403 1128 3466 eoelesiarum
1151 3403 1281 3477 venetio,
1306 3405 1404 3468 soleat
1424 3404 1470 3468 eis
1490 3421 1558 3468 esse
1572 3405 1697 3486 diepen-

101 3503 201 3578 potest
220 3495 379 3576 inperator
400 3493 492 3558 onem
514 3493 648 3575 preottoe
668 3511 756 3556 novos
774 3511 874 3576 preren
927 3497 1026 3560 diosa.
1042 3515 1070 3560 o.
1087 3497 1181 3573 mom
1194 3496 1232 3558 eit
1245 3495 1383 3562 neceto
1396 3494 1432 3558 de
1446 3496 1592 3562 Electren.
1618 3500 1649 3562 in
1663 3503 1693 3562 e.

103 3590 268 3672 moriae
293 3588 334 3652 od
357 3588 441 3652 uliud
466 3587 633 3670 beneficium
658 3587 820 3671 pontone.
834 3619 874 3636 -
966 3591 1035 3652 teo.
1058 3587 1166 3654 Mensis
1177 3589 1244 3666 itte,
1259 3589 1501 3670 qmodoeurrere
1515 3589 1641 3672 inopte?
1654 3625 1694 3641 —

105 3685 167 3743 Per
180 3682 240 3744 boo
254 3687 359 3744 tamen
375 3699 438 3742 non
451 3686 595 3760 negetur,
611 3679 791 3759 quinetiam
804 3684 874 3760 post
927 3687 1021 3763 Roep.
1037 3687 1072 3748 lb
1089 3684 1202 3746 Mensis
1221 3682 1278 3746 iste
1292 3683 1383 3746 datus
1405 3683 1448 3746 ad
1466 3685 1694 3762 aooeptoudum

106 3775 258 3855 adeptum
280 3773 366 3854 prius
388 3771 585 3846 benennom,
606 3773 713 3852 sieque
727 3790 873 3834 eonsum—
927 3778 1123 3852 benefitium,
1138 3777 1245 3857 insipit
1258 3777 1696 3860 ourrereeffisquoipsipre·

105 3874 194 3952 ptam
208 3867 343 3948 priorem
355 3867 506 3946 gretiam,
528 3884 585 3929 eeu
603 3865 871 3944 nominationem,
926 3875 1012 3940 eiets
1026 3872 1160 3935 innotuit
1171 3872 1293 3934 venetio
1308 3871 1390 3934 illius
1402 3873 1558 3936 benelioii.
1579 3875 1694 3938 'lentus

106 3962 227 4042 possint
236 3960 339 4024 eidem
347 3961 550 4040 prenistaeper
558 3962 873 4042 imperatoromnoree
926 3974 975 4031 est
997 3968 1029 4030 in
1048 3967 1142 4030 oilato
1157 3965 1277 4030 indulto
1291 3966 1475 4046 apostolioo,
1491 3966 1692 4033 illisverbie:

105 4053 213 4116 Pressa
222 4053 381 4116 mento
393 4053 433 4116 ad
449 4051 534 4114 eliud
544 4051 732 4116 beneficium
740 4055 871 4134 porrigi;
931 4081 947 4118 o
957 4058 1042 4122 Intra
1056 4075 1214 4134 mensem,
1231 4061 1397 4138 postquam
1411 4059 1488 4138 ipsis
1501 4059 1622 4122 ueoafio
1636 4060 1695 4120 bu-

106 4145 466 4228 tumqoisperboonulli
474 4149 882 4228 genereturpraeJ'ndieium3'
922 4151 1060 4232 jusmodi
1087 4150 1312 4214 benefitiorum
1338 4151 1557 4215 innotuerit.»
1594 4155 1695 4232 Atque

105 4262 146 4306 eo
171 4242 254 4322 qued
275 4242 422 4322 quelibet
442 4240 585 4316 eeclesia,
605 4241 655 4304 vel
669 4241 873 4308 oollatornon
926 4245 1021 4309 telem
1047 4243 1188 4308 notitiam
1216 4250 1362 4307 oeueetur
1389 4245 1523 4324 preniste
1545 4245 1694 4322 haberes

104 4337 168 4398 nisi
190 4337 288 4398 semel
309 4354 367 4416 per
386 4336 653 4416 interpositionem
666 4335 792 4400 Peneum
808 4336 874 4398 Pri-
926 4346 1068 4418 tempore
1082 4333 1251 4400 venationis
1268 4335 1335 4414 jem
1354 4337 1484 4398 notorie
1503 4337 1535 4400 iu
1548 4338 1630 4413 looo,
1645 4332 1695 4400 vel

106 4429 272 4491 moenum
285 4429 406 4512 gravari
420 4431 540 4502 valeat;
554 4429 760 4510 tumquievel
773 4435 874 4511 poete-
927 4429 1056 4496 eoeleste
1082 4425 1223 4493 benefioii
1250 4429 1389 4490 venantis
1413 4447 1421 4490 ι
1451 4432 1483 4491 et
1505 4429 1642 4512 abequin
1667 4432 1695 4494 is

105 4524 174 4584 rius
187 4521 373 4585 beneficium
386 4530 434 4587 est
447 4522 644 4603 eompaubils
666 4541 738 4586 oum
756 4525 870 4608 priori;
926 4525 1059 4604 imputet
1085 4522 1157 4598 eibi,
1181 4522 1207 4584 si
1229 4523 1261 4585 in
1283 4522 1444 4600 boooesu,
1461 4523 1578 4604 quode
1596 4523 1694 4605 ipsius

105 4625 140 4680 et
155 4631 237 4678 nune
250 4613 386 4697 prenislo
398 4619 500 4696 potest
515 4619 683 4695 utrumque
697 4614 790 4680 simul
802 4617 873 4680 reti·
926 4617 1090 4682 commodo
1115 4615 1230 4696 agitur,
1257 4614 1290 4675 id
1316 4613 1400 4696 quod
1426 4634 1482 4696 per
1504 4633 1550 4691 se,
1573 4616 1624 4679 vel
1638 4635 1695 4700 per

104 4725 202 4784 nere:
219 4707 268 4770 rel
282 4706 358 4772 illud
371 4715 419 4770 est
432 4707 663 4788 inoompetibile
677 4728 747 4774 oum
761 4708 870 4788 priori;
926 4713 1022 4776 alium
1034 4712 1116 4774 seire
1130 4713 1264 4791 poteret,
1280 4709 1446 4791 ignoravit,
1468 4711 1556 4790 iuxta
1575 4717 1693 4774 textum

104 4808 139 4865 et
166 4804 241 4864 tune
268 4820 325 4882 per
357 4801 439 4862 illius
462 4803 690 4868 assecutionem
712 4802 873 4884 parilioem
926 4803 1097 4870 notabilem
1117 4804 1149 4865 iu
1173 4803 1270 4876 (ilem.
1294 4821 1349 4864 un.
1364 4802 1450 4882 §lin
1464 4802 1499 4866 de
1513 4801 1690 4867 Consentino.

104 4901 198 4958 vaont
219 4893 305 4973 prius
326 4893 514 4958 beneficium
535 4895 605 4974 ipso
620 4895 703 4975 jure,
719 4895 770 4958 eit.
786 4914 816 4958 o.
830 4893 874 4956 De
924 4896 1077 4979 nebrod.
1105 4897 1289 4974 Quanquam
1311 4896 1456 4972 Gholier,
1478 4896 1531 4958 ubi
1553 4913 1647 4975 supra
1661 4903 1693 4962 et

104 4987 210 5051 mera.
223 4987 255 5049 b.
270 4992 294 5049 t.
310 4987 390 5067 sioq;
406 5005 514 5050 rursm
527 4987 648 5050 nullum
657 4986 757 5051 oritur
769 4989 874 5050 inoon·
926 4995 996 5072 poet
1008 4992 1123 5069 ipsum,
1139 4989 1279 5071 Pirhing,
1293 4991 1325 5052 h.
1342 4995 1364 5054 t.
1381 5009 1413 5053 u.
1429 4991 1498 5056 378.
1510 4988 1593 5052 istud
1601 4989 1691 5052 iutel-

104 5082 248 5156 veniens,
273 5082 413 5161 quamvis
434 5083 574 5162 preoietae
596 5081 797 5148 subveniatur
818 5099 874 5160 per
926 5083 1087 5164 ligeudum
1101 5089 1239 5158 senseat,
1255 5083 1587 5164 uieipreoistajnstum
1602 5083 1694 5166 igno-

103 5175 307 5240 oollatr'onem
320 5175 500 5254 posterioris
512 5173 666 5249 benefitii,
688 5175 784 5238 veluti
804 5175 872 5255 pin·
926 5177 1034 5240 rautiee
1048 5194 1176 5242 oausam
1189 5177 1360 5258 probaret:
1385 5179 1480 5256 pute,
1503 5175 1575 5255 quie
1598 5176 1691 5258 louge

103 5269 236 5352 gnioris,
262 5261 320 5329 aut
341 5267 417 5330 olias
441 5267 499 5330 sibi
520 5268 620 5348 magis
640 5267 782 5347 prolieni,
807 5275 873 5330 tum
923 5269 1060 5334 esame
1086 5289 1105 5330 a
1128 5269 1197 5332 loeo
1220 5268 1359 5332 vaeeutis
1376 5265 1531 5346 beneficii,
1546 5267 1597 5330 vel
1618 5269 1690 5350 quis

103 5362 257 5435 undem,
295 5361 370 5440 quie
400 5367 571 5426 memorata
598 5361 737 5426 nunsula
762 5361 873 5426 iodubi
925 5365 1206 5441 preaeminemus,
1217 5358 1582 5442 qrrembabebetinlooo
1596 5359 1690 5426 bene·

107 5455 281 5538 apostolici,
291 5455 341 5517 lto
355 5454 461 5533 tamor,
477 5456 555 5538 qaod
566 5457 794 5540 panope-iorem,
810 5459 869 5521 elo.
923 5453 997 5532 tioii,
1013 5454 1132 5521 interea
1154 5461 1297 5524 mortuus
1308 5452 1420 5532 lomet,
1437 5451 1486 5526 vel
1499 5451 1686 5532 hujusmodi.

322 5580 356 5624 ιιι
1426 5558 1476 5620 38.
