4016 6056
764 221 981 288 ADNO'I'A'l'lO
1004 219 1117 289 van.
1670 227 1729 292 oso

148 349 327 424 Congregetio
349 351 510 424 respondit:
532 351 659 410 «Teucri
682 353 725 410 dis
745 359 842 412 statiua
862 341 910 429 p'er
962 358 1092 414 lationem
1106 357 1190 412 trium
1202 356 1246 412 rel
1265 359 1381 432 quatuor
1404 353 1538 412 mensium
1560 359 1592 411 nt
1615 355 1643 412 in
1663 355 1730 412 locis

147 439 244 508 adum,
259 440 324 496 citra
337 441 451 512 speciale
465 440 602 500 indultum
616 443 811 512 Sapisdie.
821 465 836 500 a
845 444 909 516 (lia-
962 441 1135 498 vicinioribus
1150 445 1268 509 meneat,
1289 441 1481 514 recuperandas
1496 441 1615 496 sanitatis
1638 457 1728 510 causa,

145 536 193 575 viss
207 519 374 598 tladoiogigse,
394 516 484 580 luecio.
498 525 605 596 januar.
624 524 712 600 lddt).
728 527 803 582 Unde
818 531 909 600 seqni-
962 528 1048 598 posito
1063 526 1166 582 interca
1178 527 1212 580 eb
1227 526 1286 598 ipso
1299 524 1436 581 ordinario
1452 526 1480 580 in
1494 523 1575 580 demo
1584 525 1728 598 parochiali

144 607 189 658 tur
200 605 359 676 parocbum,
380 607 426 678 qni
447 609 551 680 nequit,
573 608 670 665 diebus
694 609 750 666 sire
770 610 910 668 dominicis
963 611 1060 668 idoneo
1075 611 1174 666 vicario
1188 625 1252 666 cum
1267 625 1386 684 congrua
1398 611 1520 684 portione
1530 627 1563 666 sx
1576 608 1728 666 redditibus

141 689 198 745 sire
223 689 298 746 iestis
320 692 402 747 etiem
422 695 581 765 suppressis,
596 694 630 750 ad
644 701 764 752 mentem
778 699 909 754 constitu·
963 695 1085 768 ejusdem
1099 695 1242 770 parochie.

141 773 224 828 tionis
237 774 278 829 Pii
292 775 517 835 lXAmettssissi
528 779 707 854 redemptoris,
722 782 816 839 2maii
829 783 908 851 iib8,
997 779 1053 835 Vll.
1069 779 1125 836 Nec
1142 786 1205 835 aetes
1219 779 1322 849 senilis,
1346 795 1397 835 nse
1416 779 1528 850 exiguus
1550 778 1727 852 parochiano-

141 859 289 929 peratium
301 861 438 922 celebrare
451 865 562 924 natamus
575 881 625 937 pro
638 867 750 938 populo,
764 866 831 922 dum
850 868 908 938 ipse
961 877 1024 918 rum
1051 879 1183 919 numerus
1215 868 1322 920 exeunt
1347 861 1494 936 perocbum
1520 878 1537 917 a
1561 862 1726 933 residentia,

140 943 322 1013 spitualibus
336 947 469 1003 exercitiis
492 954 576 1020 racd,
592 951 677 1007 teneri
691 952 724 1008 ed
738 951 909 1008 residentiam
961 947 1066 1004 etiamsi
1088 949 1191 1004 ricinus
1212 948 1343 1022 parochus
1363 947 1487 1021 supplere
1506 947 1605 1020 possit;
1620 949 1727 1003 etiamsi

140 1025 309 1096 personalem
323 1029 909 1106 strictioririnculopresdictisdiebns3idee·
961 1039 1052 1089 ssmnt
1072 1033 1101 1088 in
1123 1033 1247 1106 parocbia
1273 1041 1329 1090 tres
1351 1037 1457 1088 tantum
1481 1032 1526 1089 rel
1553 1035 1668 1104 quatuor
1681 1034 1727 1088 in-

139 1125 194 1182 qne
206 1127 266 1170 asse
279 1115 399 1170 muneris
414 1117 532 1190 episcopi
555 1117 663 1190 piorum
685 1135 806 1176 essenus
826 1120 907 1175 sunm
960 1115 1035 1173 cole.

139 1197 332 1254 exercitiorum
346 1205 450 1272 tempos
466 1203 501 1257 ita
515 1203 656 1276 prefigere
669 1209 700 1258 ut
713 1203 822 1278 parochi
836 1219 909 1259 asna
996 1200 1066 1257 Vlll.
1081 1201 1205 1273 Parocbi,
1220 1202 1296 1258 urbis
1304 1201 1438 1258 uicinitats
1447 1201 1545 1271 illecti,
1554 1217 1608 1257 non
1617 1208 1728 1276 possunt

139 1278 304 1353 obligatione
322 1283 418 1342 diebus
438 1289 547 1344 solutis
569 1287 707 1360 implenda
736 1303 791 1344 non
817 1288 908 1344 deter-
961 1285 1048 1341 inille
1061 1289 1192 1359 majorem
1207 1287 1269 1342 anni
1285 1291 1391 1360 partem
1414 1286 1565 1356 uedueere,
1582 1287 1726 1361 subrogato

139 1369 262 1421 reamur.
960 1369 1043 1426 etiam
1071 1370 1210 1427 sacerdote
1224 1372 1282 1444 qui,
1297 1373 1320 1428 si
1336 1371 1408 1428 icrte
1421 1371 1525 1445 aliquid
1547 1373 1725 1445 contingeret,

960 1461 1057 1526 presto
1066 1459 1146 1526 meet,
1161 1473 1291 1529 suamque
1306 1473 1415 1530 operam
1437 1455 1617 1528 impenderet.
1640 1455 1726 1512 lidsm

173 1517 366 1562 nnsonursouss
379 1521 404 1561 s.
419 1519 650 1566 corconenrroms
663 1525 779 1567 concurs
793 1527 872 1568 crees
960 1554 1015 1595 m
1041 1547 1164 1614 possunt,
1187 1543 1246 1598 sine
1267 1539 1374 1597 figentia
1394 1557 1518 1614 „prem
1539 1540 1668 1615 opimi,
1697 1541 1725 1597 ὴ

213 1661 218 1672 .
250 1667 252 1672 .
331 1605 509 1652 mmmm
523 1609 712 1673 mmm*
959 1623 1027 1679 urbe
1042 1625 1198 1694 immorari,
1214 1633 1270 1680 tem
1284 1625 1380 1682 diurno
1398 1641 1479 1698 quem
1502 1629 1633 1680 nocturno
1652 1631 1724 1681 tem-

173 1703 236 1762 ileo
249 1711 290 1760 est
303 1722 410 1763 summe
423 1709 614 1784 principalium
628 1711 826 1768 resolutionum
837 1729 905 1784 ques
958 1723 1034 1780 pore,
1058 1710 1151 1765 relicto
1171 1711 1254 1765 etiam
1267 1708 1364 1766 idoneo
1377 1709 1531 1777 substituto,
1545 1707 1650 1764 silicet
1663 1707 1723 1765 dis·

136 1793 258 1845 recenset
283 1789 417 1861 Gireldus,
445 1787 563 1867 Exponit.
590 1793 650 1866 jer.
676 1795 776 1868 pontif.
796 1801 866 1871 part.
882 1798 905 1868 1,
958 1790 1096 1847 busisstis
1110 1791 1146 1848 ad
1161 1793 1281 1866 proprias
1297 1792 1426 1848 Ecclesia
1439 1791 1724 1860 seconierant,statim
1837 1829 1838 1832 η

136 1879 203 1931 scot.
220 1873 283 1944 358,
297 1873 325 1929 in
338 1873 496 1948 appendice.
957 1889 1022 1929 sero
1035 1881 1214 1932 nveniantur.
1229 1877 1284 1932 Nec
1298 1877 1363 1932 licet
1378 1873 1493 1949 peroobo
1513 1876 1571 1948 qui,
1592 1882 1724 1934 nocturno
1800 1890 1803 1908 ¹

173 1959 195 2014 l.
210 1957 272 2014 Sele
285 1959 408 2016 distantia
422 1960 486 2031 loci,
500 1962 582 2018 etiarn
596 1980 659 2020 cum
672 1979 748 2040 aqua
762 1966 905 2023 causadis-
959 1961 1080 2030 tempore
1093 1959 1122 2013 in
1135 1961 1246 2032 proprie
1258 1959 1360 2016 residet
1372 1957 1506 2032 parochie·
1522 1959 1655 2015 celebrato
1672 1961 1724 2016 ibi·

53 2040 55 2046 ’
135 2041 265 2109 cedendi,
280 2059 335 2098 non
349 2051 460 2100 excusat
477 2043 625 2119 parochum
640 2057 670 2105 ut
683 2052 768 2122 possit
780 2051 906 2107 abesss'e
959 2040 1021 2097 ‘10¹ss
1043 2059 1150 2098 mmm
1168 2060 1246 2100 misse
1260 2045 1352 2113 missa,
1366 2043 1499 2100 &imm
1513 2049 1617 2115 imma
1632 2044 1724 2117 ibim

136 2143 185 2182 sne
208 2125 325 2183 dcalseb
341 2129 399 2183 eins
423 2129 530 2188 licentia
551 2133 580 2189 in
601 2136 705 2207 seriptis
719 2136 838 2204 obtenta,
853 2135 904 2190 nisi
957 2128 1107 2198 immitti.
1124 2131 1167 2187 *0¹
1182 2135 1237 2186 &02⁸
1255 2131 1298 2186 ¹⁰¹
1315 2131 1411 2204 mimi
1435 2130 1531 2186 ”litim
1550 2131 1614 2185 Μ
1636 2137 1722 2204 ΜΘ»

136 2211 198 2266 talis
209 2212 355 2267 semitas
365 2220 476 2286 repente
490 2233 519 2272 se
534 2217 638 2283 oderat,
655 2235 779 2291 quaenon
789 2220 905 2292 patiatur
957 2211 1050 2268 relicto
1064 2215 1145 2269 etiam
1161 2214 1321 2288 substituto;
1336 2231 1385 2271 neo
1403 2233 1418 2270 e
1437 2215 1569 2271 contrario
1591 2223 1722 2273 nonturno

137 2295 296 2354 diletionem
316 2297 472 2370 huiusmodi
487 2300 625 2358 licentiam
639 2303 759 2376 petendi,
774 2319 827 2376 quo
841 2319 904 2360 casu
955 2303 1076 2370 tempore
1099 2299 1253 2371 parochiam
1268 2301 1434 2374 relinquere,
1452 2300 1547 2356 relicto
1567 2300 1723 2370 substituto,

136 2383 340 2454 quamprimum
350 2383 384 2440 de
396 2383 515 2441 discessu
526 2391 554 2442 et
565 2386 600 2442 de
614 2388 773 2443 necessitato
791 2385 903 2443 ordine·
957 2381 1020 2438 licat
1032 2383 1061 2437 in
1074 2399 1106 2439 ea
1119 2383 1217 2440 diurno
1234 2391 1355 2456 tempore
1369 2389 1562 2440 commoretur.

134 2467 210 2522 rium
224 2469 366 2524 certiorem
375 2467 464 2525 inem
478 2474 595 2542 senemr,
610 2477 641 2527 ut
654 2471 689 2527 (10
698 2487 777 2527 0211„
789 2487 904 2546 θυμω.
993 2466 1037 2521 lll.
1052 2467 1186 2524 Perochus
1200 2485 1254 2523 non
1268 2473 1410 2525 excusatur
1431 2485 1448 2524 a
1465 2467 1612 2525 residentia
1632 2485 1666 2526 ex
1689 2485 1722 2527 eo

133 2565 198 2606 cero
211 2551 304 2622 possit.
957 2549 1030 2621 qnod
1043 2549 1145 2607 innotus
1160 2553 1214 2608 sint
1224 2560 1330 2624 tenues,
1345 2553 1457 2625 etquod
1474 2559 1656 2612 antecessores
1668 2571 1723 2613 nen

170 2635 207 2694 tt.
236 2635 381 2708 Pasucbss,
401 2637 504 2695 babens
524 2641 625 2713 justam
651 2657 757 2698 caum
787 2643 904 2700 meandi
955 2633 1116 2692 resederint.
1443 2661 1444 2666 ¹

133 2726 212 2779 extra
225 2721 379 2794 parochiam
388 2737 439 2796 pse
452 2722 520 2782 duo,
533 2741 640 2782 mense.
653 2733 698 2782 ,us
712 2732 775 2797 m,
791 2743 845 2784 „012
860 2745 903 2784 ῃ.
992 2718 1023 2774 Χ.
1040 2719 1078 2775 lix
1092 2735 1171 2777 cause
1185 2721 1389 2782 inimicitiarum
1404 2732 1555 2782 exortarum
1570 2727 1627 2783 sine
1643 2725 1723 2801 culpe

131 2805 232 2862 tidscit
254 2821 310 2862 sue
328 2807 510 2876 conscientiis,
531 2810 555 2864 si
574 2816 648 2884 petat
660 2811 797 2866 licentiam
808 2813 903 2884 jurans
955 2805 1075 2877 {mobis
1091 2811 1237 2880 inlesum
1251 2809 1383 2881 parocbiae
1400 2814 1597 2883 possessionem
1620 2813 1721 2887 adipis·

131 2907 244 2964 gruem
257 2907 287 2948 se
301 2907 409 2949 esum
423 2893 523 2951 babere
543 2911 624 2968 quam
638 2912 693 2954 non
707 2897 815 2970 01p0dis
840 2915 903 2956 ma.
956 2895 1041 2961 eatur,
1061 2895 1149 2964 potest
1168 2893 1310 2968 episcopus
1332 2897 1384 2968 ipsi
1407 2898 1543 2971 assignare
1564 2899 1721 2956 diletionem

130 2977 271 3048 missure,
286 2984 318 3033 ut
332 2981 370 3034 sic
383 2979 467 3052 petita
481 2981 590 3037 licentia
613 2983 704 3039 abesse
726 2980 819 3057 possit,
840 2983 903 3039 lieet
956 2991 1003 3032 σοι
1024 2976 1170 3049 mensium,
1187 2985 1216 3034 ut
1229 2980 1339 3036 interim
1354 2981 1491 3056 confugiet
1504 2983 1538 3040 ad
1552 2985 1643 3041 locum
1656 2999 1720 3058 pro-

130 3065 274 3136 spireepus
287 3079 342 3119 non
356 3063 495 3120 concedat,
954 3059 1167 3132 pinqnioremet
1180 3063 1355 3135 securiorem,
1365 3067 1509 3123 constituto
1522 3073 1613 3124 umen
1623 3065 1721 3126 sicario

168 3147 465 3205 {11,simititsrnbesee
478 3163 534 3206 non
547 3155 636 3223 patoes
650 3151 679 3207 in
693 3167 754 3207 essu
769 3165 822 3224 quo
836 3169 900 3208 cau·
955 3145 1051 3201 idoneo
1079 3162 1140 3202 cum
1164 3163 1282 3220 congrue
1309 3151 1487 3224 assignatione
1511 3170 1544 3209 ss
1571 3152 1721 3210 redditibus

131 3249 191 3290 nm
214 3235 345 3306 expressit
359 3251 441 3306 quam
454 3235 597 3292 virbonus
611 3241 744 3310 etfflquu,
758 3239 902 3295 patronam.
955 3229 1097 3302 Ecclesin3
1111 3232 1215 3288 interea
1232 3233 1315 3292 debet
1334 3235 1566 3308 perocbnsmodis
1593 3237 1719 3294 omnibus

131 3319 188 3374 lem
199 3319 419 3390 iudiearet‚iicet
434 3317 538 3391 rigidus
551 3321 676 3392 praelatus
690 3323 782 3377 minus
796 3338 900 3395 equam
954 3329 1048 3370 curare
1061 3321 1092 3370 ut
1105 3316 1253 3373 inimicitie
1274 3317 1413 3376 sedentur.
1435 3321 1513 3386 Quod
1536 3323 1559 3376 si
1582 3324 1651 3376 intra
1673 3337 1720 3380 sen

127 3401 236 3477 judicet
260 3419 291 3459 ac
317 3403 458 3460 boeotiam
485 3404 613 3478 deneget,
635 3407 677 3461 vel
696 3407 760 3477 qnia
777 3411 901 3462 movetur
953 3413 1061 3456 memes
1078 3397 1129 3456 boc
1143 3401 1266 3458 obtinere
1282 3419 1335 3458 non
1348 3407 1476 3476 potnerit,
1491 3405 1600 3462 debebit
1613 3407 1719 3480 episco-

130 3487 284 3559 sospscione
296 3487 371 3560 quoe
383 3489 445 3543 ocu
458 3489 503 3559 sit,
518 3505 581 3545 eum
599 3493 690 3546 umen
705 3492 740 3546 sit
759 3506 837 3562 γεω
852 3491 900 3548 seo
952 3497 1003 3554 pus
1024 3484 1075 3555 inei
1098 3483 1164 3541 nere
1186 3501 1233 3542 sex
1253 3487 1391 3544 mansium
1408 3491 1636 3562 prorogationem,
1660 3491 1718 3548 eine

129 3569 214 3627 babet
226 3589 371 3629 recursum
383 3571 420 3628 ed
433 3574 612 3645 superiorem.
952 3574 1043 3623 umen
1057 3569 1193 3626 ulterioris
1205 3573 1401 3645 prorogationis
1421 3589 1481 3647 spe,
1501 3591 1561 3648 que
1582 3575 1717 3634 rariaeime

166 3659 211 3715 nv.
232 3659 291 3714 Nou
312 3664 400 3730 potest
422 3673 472 3731 per
490 3657 688 3715 hebdomadam
716 3660 821 3732 abesse,
844 3677 898 3718 non
952 3651 1064 3708 ⁰0¹²oeOE
1077 3653 1158 3724 solet,
1173 3670 1236 3710 ium
1258 3655 1364 3712 5¹²⁶le
1385 3664 1517 3731 Ρθψθῑῑῑῑ
1541 3657 1576 3713 d·
1595 3657 1717 3731 parochi!

127 3744 214 3816 petits
226 3744 271 3800 rel
282 3759 336 3800 nen
344 3743 454 3800 obtenta
467 3743 586 3816 lieentia,
601 3745 684 3802 etiem
697 3746 791 3801 relicto
801 3746 898 3803 sicario
951 3749 1006 3790 ¹²⁰ss
1020 3737 1181 3810 ”5⁶0⁰de
1196 3741 1277 3796 ‘iiim
1291 3757 1325 3798 0¹
1339 3741 1544 3799 fflfifflibffihffl
1558 3744 1654 3814 “uilis
1671 3761 1718 3801 ⁸¹¹·

127 3827 239 3897 idonea,
253 3827 287 3883 ab
302 3827 360 3899 ipso
375 3826 513 3883 ordinario
530 3827 692 3899 approbato:
708 3845 768 3900 qnae
780 3829 897 3890 licentia,
950 3817 1024 3875 blm
1035 3819 1138 3878 ‘⁰⁶⁶⁰‘
1150 3839 1166 3878 ἃ
1178 3823 1302 3884 Tritium·
1323 3843 1389 3884 Μ·
1408 3827 1453 3896 Vl,
1477 3843 1535 3902 ⁶⁸1)-
1550 3841 1593 3883 1¹1·
1606 3827 1662 3883 Νθῢ
1675 3833 1715 3884 it·

126 3927 208 3970 mesa
222 3911 338 3985 cognite,
353 3912 382 3968 in
395 3913 499 3986 scriptis
510 3912 742 3970 concedendaest.
753 3913 898 3971 lncedbcs
950 3919 1016 3960 Μ
1035 3906 1071 3961 ob
1092 3910 1203 3965 nucum
1221 3909 1444 3983 parochianorum
1463 3912 1558 3970 odium
1575 3917 1717 3972 mouetur

126 4001 218 4054 antem
239 3995 395 4070 repentinis,
418 4013 467 4070 pro
494 3998 617 4054 absentia
637 3997 737 4054 modici
758 3998 896 4072 temporis,
948 3991 1081 4064 parochus
1093 4011 1109 4050 s
1123 3996 1275 4054 residentia.

126 4081 228 4138 evincit
240 4081 348 4138 simlia
361 4081 580 4140 siminorum,
984 4076 1027 4133 lli.
1051 4079 1111 4135 Nou
1137 4086 1279 4139 excusetur
1305 4089 1416 4158 propter
1436 4086 1506 4143 derb
1527 4085 1715 4160 intemperiem

163 4165 196 4222 V.
212 4165 271 4223 Nou
284 4171 326 4224 est
337 4165 408 4224 liber
422 4185 437 4223 a
450 4169 530 4241 culpa
543 4184 593 4225 nee
611 4185 628 4224 a
644 4183 723 4241 poena
747 4169 896 4224 emissionis
948 4173 1038 4233 nsque
1052 4167 1173 4236 tempore
1186 4166 1280 4239 pestis.

124 4251 266 4308 irndunm
293 4251 351 4324 qni,
374 4251 458 4309 saluti
472 4269 525 4324 per
545 4258 661 4325 quatuor
679 4253 815 4308 mensium
835 4269 896 4325 spa-
983 4242 1038 4302 llll.
1053 4247 1189 4306 melius
1207 4251 1328 4308 babitare
1344 4251 1467 4310 debetin
1480 4253 1561 4310 domo
1576 4253 1712 4322 Ecclesiue,

126 4338 210 4406 tium,
222 4353 256 4392 ex
276 4338 387 4410 urgenti
410 4336 557 4393 admodum
579 4353 669 4408 sense,
691 4337 726 4393 ad
746 4336 895 4393 curandam
948 4333 1002 4404 rel,
1017 4335 1040 4390 si
1054 4335 1175 4393 Ecclesia
1192 4355 1255 4394 eam
1275 4354 1331 4394 non
1343 4337 1451 4407 babeat,
1475 4340 1505 4393 in
1529 4338 1714 4411 propinquiori

125 4435 204 4477 susm
217 4421 410 4492 valetudinem,
427 4423 521 4479 morbo
538 4421 611 4496 gravi
627 4423 753 4491 instante,
773 4423 894 4493 recessit,
947 4415 1018 4474 iubs
1031 4417 1132 4477 limites
1144 4423 1289 4494 parochias,
1303 4423 1381 4481 aliter
1401 4421 1551 4480 uncturad
1564 4424 1713 4480 restitutio-

125 4511 155 4562 et
169 4506 203 4564 ad
217 4507 373 4580 hujusmodi
387 4509 534 4565 absentiam
549 4525 603 4564 non
622 4507 699 4580 petiit
711 4508 848 4564 licentiam
861 4507 894 4564 ab
948 4517 1012 4558 nem
1023 4501 1173 4560 studuum.
1186 4505 1305 4563 Tenetur
1316 4505 1437 4564 habitare
1451 4505 1564 4562 domum
1577 4507 1713 4578 parochie

124 4591 250 4666 episcopo
265 4595 410 4666 quinbene
429 4593 485 4650 fide
503 4595 607 4667 putarit
626 4593 787 4650 evidentiam
809 4609 894 4650 naum
947 4585 1013 4658 lem,
1028 4589 1134 4645 etiamsi
1154 4597 1225 4648 esset
1249 4593 1278 4647 in
1300 4599 1386 4649 mtto
1409 4591 1497 4649 diruto
1520 4597 1548 4648 et
1566 4591 1713 4648 inhabitato

124 4677 190 4733 satis
204 4693 274 4746 sess,
289 4679 342 4734 nisi
355 4679 507 4752 perieulum
530 4679 615 4734 inerit
636 4679 664 4734 in
686 4695 762 4734 more
782 4677 893 4751 petendi
947 4675 974 4726 ot
992 4673 1080 4744 posite
1102 4691 1165 4730 cum
1184 4676 1346 4733 Ecclesiam
1359 4677 1498 4734 cacumine
1517 4675 1662 4745 montium,
1683 4675 1712 4731 in

122 4763 271 4820 licentiam.
298 4765 356 4821 Non
377 4765 476 4822 sufficit
489 4766 597 4822 licentia
611 4765 699 4834 tacita,
714 4767 763 4820 sed
775 4765 893 4837 requiri-
946 4773 1000 4832 quo
1014 4759 1084 4816 nulli
1096 4759 1217 4818 habitent
1230 4763 1393 4835 parochiani.

123 4851 171 4903 tur
184 4846 525 4922 capreasejuntaiormam
547 4851 655 4907 concilii
677 4847 799 4906 Trident.
828 4865 892 4906 sess.
980 4843 1051 4900 lilii·
1075 4845 1217 4903 ldoneohos
1240 4848 1383 4923 deputatus
1404 4847 1536 4924 parcebas
1554 4851 1664 4904 tenetur
1683 4851 1712 4903 st

121 4933 265 5008 lllll,oap.
282 4951 302 4990 r.
946 4928 1005 5000 cosi
1018 4935 1105 5002 potest
1125 4930 1245 4990 babitare
1265 4935 1294 4990 in
1316 4934 1396 4990 domo
1420 4931 1564 5008 parochiali
1586 4938 1613 4989 et
1638 4931 1710 5006 apud

160 5017 205 5076 vt.
220 5021 278 5076 Non
292 5020 354 5077 licet
367 5022 484 5096 parocho
499 5021 564 5078 alibi
587 5021 696 5096 degere,
715 5023 837 5096 quumvis
857 5021 892 5101 ob
946 5013 1091 5072 Etsslfflim
1104 5017 1283 5090 ptfflihitltffl
1298 5019 1429 5090 ‘⁸¹5⁶‘th
1442 5019 1636 5076 ¹¹⁰¹¹³¹¹0¹¹¹5¹¹
1649 5035 1709 5076 ¹¹²⁰·
1743 5092 1746 5102 ,

124 5103 195 5160 seris
210 5105 401 5178 intempestum
417 5123 510 5177 nemo,
531 5107 582 5163 uisi
601 5107 739 5180 indigena,
756 5103 893 5164 incedam
946 5100 1062 5156 Merit>
1076 5101 1192 5158 ditionis
1205 5120 1222 5159 a
1233 5119 1309 5161 oum.

124 5187 189 5244 sede
200 5189 369 5246 immoretur.
381 5191 409 5249 Si
419 5196 509 5248 tamen
520 5196 590 5248 esset
603 5193 738 5263 infirmus,
748 5199 776 5248 st
790 5194 818 5248 iu
833 5192 892 5249 loco
981 5185 1048 5242 ΚΝ·
1061 5187 1208 5262 lllplsoopus
1220 5205 1275 5247 non
1289 5187 1430 5263 potestati
1443 5205 1524 5264 opera
1537 5187 1656 5264 parochi,
1679 5195 1711 5249 ut

125 5273 272 5346 parochiali
299 5278 388 5333 curari
415 5293 470 5334 non
490 5283 579 5350 poam
601 5277 707 5335 defectu
722 5277 892 5336 medicorum
944 5276 1032 5343 potest
1046 5273 1259 5346 opsreduorum
1268 5276 1558 5346 canonicor-umidam
1565 5276 1709 5332 constituto

125 5357 170 5418 aet
184 5359 387 5436 metensium,
402 5369 466 5420 mne
479 5368 567 5439 pecces
581 5364 615 5422 ab
628 5363 764 5423 oraim
776 5365 833 5423 (1⁸11
847 5365 894 5442 dig
947 5355 1044 5416 idoneo
1060 5356 1159 5417 sicano
1167 5377 1177 5432 ;
1192 5361 1244 5420 nisi
1267 5362 1296 5419 in
1317 5361 1467 5420 ridudone
1488 5361 1618 5436 doceb,
1637 5366 1708 5420 wm-
