4028 6068
271 201 329 277 2'16
579 209 649 274 LIB.
673 213 707 274 11.
730 207 938 272 DECRETAL.
961 209 1032 274 atr.
1054 209 1145 272 XXV.
1170 211 1219 272 DE
1239 205 1548 273 naamaniticae.

274 343 415 426 proinde,
431 345 485 424 qni
506 344 592 406 illam
613 343 796 424 excipiendo
817 343 956 424 opponit,
977 361 1039 405 non
1096 343 1199 406 terium
1213 351 1241 406 et
1254 343 1285 405 in
1297 343 1533 426 ejmpmtattme
1545 341 1674 426 deficiet,
1690 341 1867 408 emdemnn·

274 441 527 504 idcireo-fatetur
553 438 756 502 intentionem
785 438 949 500 adversarii
972 437 1042 516 (boe
1097 448 1145 502 tor
1172 447 1310 520 tunquam
1339 437 1506 517 conpotes?
1532 470 1572 485 -
1597 439 1636 500 Et
1662 439 1867 504 conformiter

277 541 343 609 eet,
372 535 457 616 qnod
492 533 623 597 ecclesia
657 533 709 594 illa
731 549 840 593 revere
862 531 1044 610 pertinuerit
1095 536 1184 598 dictis
1200 538 1284 614 patet
1307 533 1418 596 solutio
1433 533 1472 595 ad
1487 530 1572 594 illam
1590 535 1808 612 questionem,
1825 553 1867 596 an

277 637 370 692 lintea
392 631 432 690 ad
446 633 599 700 altiorem,
614 627 663 688 Vel
682 627 766 705 quod
783 625 939 702 excipiens
952 623 1044 685 fuerit
1098 631 1122 693 ei
1138 651 1209 695 reue
1230 631 1442 711 exceptionem
1456 631 1699 710 peremptoriam
1712 639 1866 712 opponet,

278 726 375 804 ipsius
397 723 537 804 debitor)
560 720 633 800 quia
660 727 825 798 utrumque
839 718 940 797 potuit
965 716 1042 788 fieri,
1098 745 1126 788 r.
1143 744 1174 806 g.
1190 723 1363 795 solutionis,
1378 723 1427 786 vel
1441 725 1696 804 praepriptionist
1712 729 1745 786 et
1757 733 1870 804 postea

279 819 397 897 absque
412 835 461 890 eo,
478 817 562 894 quod
576 813 771 876 adversarius
784 807 929 875 babuerit
942 813 991 889 ius
1005 810 1045 871 ad
1098 822 1131 881 in
1158 820 1224 897 ojno
1251 819 1435 899 probatione
1467 817 1610 894 dolioiot,
1640 817 1870 879 oondomnotor

279 909 488 990 recipiendam
509 927 576 970 rem
590 911 814 988 permistim,
830 909 879 969 vel
899 906 1043 968 SOlUiam·
1098 917 1249 992 tanquam
1262 910 1444 972 confessas?
1463 913 1557 990 Resp.
1581 910 1663 971 enim
1683 929 1755 972 cum
1768 911 1868 988 linget

280 1005 410 1085 Oportet
422 1004 563 1083 proinde,
584 1005 667 1082 quod
691 1003 896 1074 adversarius,
913 1001 979 1064 sive
993 1017 1046 1060 ac·
1099 1007 1132 1069 h,
1152 1011 1175 1070 t,
1201 1025 1232 1067 n.
1258 1009 1287 1068 6,
1310 1005 1463 1085 allegante
1486 1005 1638 1066 Abbatem
1661 1005 1712 1066 ott.
1738 1023 1766 1066 o.
1792 1003 1871 1067 Ceno

280 1103 341 1172 tor,
358 1098 398 1159 de
410 1098 472 1159 hcc
483 1097 553 1178 jure
567 1114 623 1158 suo
637 1097 761 1160 aliunde
776 1098 896 1172 doceat,
909 1095 1047 1174 illudque
1100 1099 1280 1162 ueneobiiis.
1295 1119 1327 1160 n.
1343 1103 1393 1162 26.
1409 1099 1479 1160 eod.
1495 1099 1554 1160 sub
1570 1099 1778 1169 distinetione,
1795 1099 1871 1178 qnia

283 1193 402 1273 probet.
1058 1199 1061 1208 '
1100 1213 1173 1256 reos
1187 1193 1332 1256 deficiens
1348 1193 1378 1253 in
1388 1194 1571 1273 probatione
1585 1211 1650 1254 sua
1661 1192 1868 1274 exceptionis,

322 1290 372 1352 cr.
396 1284 512 1348 Sirene
526 1303 583 1346 non
595 1303 670 1364 pure
683 1283 821 1363 excipiat,
837 1281 887 1345 sed
901 1279 1049 1344 simuiad·
1101 1287 1149 1349 vel
1166 1290 1273 1367 postea
1298 1292 1391 1366 negat
1407 1284 1610 1346 intentionem
1635 1284 1750 1345 actoris
1765 1282 1871 1360 quoad

275 1376 391 1459 jubeat
408 1377 619 1457 emissionem,
640 1385 669 1437 tt
695 1373 809 1458 quidem
831 1382 997 1456 separatam
1012 1373 1049 1434 αὖ
1099 1384 1161 1464 jus,
1173 1387 1246 1460 puta
1257 1378 1585 1442 dicendotnlieoimus
1595 1376 1721 1455 quidem
1730 1377 1875 1439 contrac-

284 1471 459 1552 exceptione.
475 1479 544 1533 tune
556 1469 687 1552 ipsesiti
697 1469 885 1552 proejndicat.
901 1502 941 1516 -
954 1469 1047 1545 Resp·
1102 1485 1187 1550 tamt
1203 1476 1257 1537 sed
1272 1493 1353 1551 nego
1367 1473 1469 1552 ipsum
1483 1489 1552 1534 ease
1566 1471 1721 1533 validum:
1737 1477 1800 1532 oet
1813 1471 1874 1531 erit

283 1565 321 1626 ΙΙ.
336 1563 464 1635 Quodsi
484 1580 557 1624 vero
571 1581 644 1624 rens
658 1580 719 1623 non
737 1581 814 1643 pure
836 1563 978 1642 excipiat,
994 1559 1050 1621 sed
1103 1572 1275 1635 andiendus
1287 1588 1295 1641 3
1307 1587 1378 1631 oum
1391 1585 1483 1628 nomo
1499 1566 1701 1645 prohibentor
1717 1566 1763 1628 nn·
1773 1566 1872 1644 pinli.

285 1657 376 1718 simut
390 1657 541 1737 adjungat
560 1655 798 1730 consessionem,
814 1664 844 1719 ot
863 1658 989 1737 quidem
1004 1673 1050 1716 se·
1103 1668 1162 1729 nno
1185 1661 1436 1741 exceptionibus,
1457 1659 1550 1722 etiarn
1572 1658 1712 1726 diversis,
1728 1658 1750 1719 l.
1774 1657 1871 1720 Neruo

285 1756 426 1829 paratam
439 1749 479 1812 ab
502 1749 701 1834 exceptione:
718 1757 792 1812 tunc
811 1753 877 1831 ipse
898 1751 956 1814 sibi
970 1767 1052 1830 proe-
1102 1757 1279 1840 prohibetur.
1308 1754 1342 1816 ff.
1371 1753 1406 1816 de
1433 1753 1504 1835 nep.
1526 1752 1589 1832 jur.
1619 1753 1713 1830 atque
1735 1749 1873 1830 emptius

282 1845 411 1923 judicat,
424 1851 580 1924 atqueper
591 1845 1052 1926 ejusecniessionemfondatur
1104 1849 1225 1912 dicetur
1237 1868 1268 1910 n.
1285 1852 1334 1912 ar.
1359 1853 1388 1909 et
1402 1865 1489 1926 seqq.
1505 1846 1562 1908 Vel
1583 1864 1656 1907 reus
1673 1843 1741 1907 vuit
1754 1861 1874 1922 negare

285 1937 415 2024 intentio
426 1938 553 2011 actoris;
566 1941 601 2000 ut
613 1945 699 2022 puta,
715 1959 788 2002 rens
801 1941 894 2002 dicit:
914 1943 1051 2004 «Fateor
1104 1944 1308 2007 intentionem
1332 1942 1445 2004 actoris
1467 1940 1572 2019 quoad
1591 1937 1720 2008 iactum,
1734 1937 1802 2016 jam
1816 1957 1876 2018 per

286 2031 450 2108 pecuniam
474 2049 492 2090 a
513 2037 543 2092 te
566 2031 640 2092 mibi
663 2038 770 2094 mutuo
790 2032 905 2100 datam.
923 2033 979 2095 sed
992 2051 1051 2113 ego
1105 2055 1193 2098 suam
1211 2036 1425 2111 exceptionem
1445 2033 1673 2106 contessatnmt
1692 2039 1724 2094 et
1741 2050 1807 2094 non
1820 2050 1877 2092 au-

287 2124 350 2203 ium
364 2125 438 2185 solvi
456 2145 463 2186 ε
480 2124 540 2197 vel,
556 2125 612 2187 sed
635 2131 667 2186 tn
681 2131 789 2204 pactus
807 2144 841 2188 es
855 2129 931 2189 mibi
954 2119 997 2190 de¹
1015 2147 1053 2190 ea
1106 2129 1188 2193 ditur
1206 2131 1349 2211 amplius,
1365 2129 1423 2190 nisi
1447 2129 1486 2189 de
1505 2145 1609 2189 errore
1624 2126 1776 2199 docuerit,
1799 2143 1876 2187 con-

287 2235 348 2278 non
363 2217 542 2295 repetenda.
559 2221 677 2281 »dunc
691 2221 773 2281 enim
792 2239 848 2300 per
867 2222 960 2283 talem
979 2240 1053 2284 eon·
1105 2225 1244 2287 formiter
1266 2223 1354 2286 dictis
1376 2241 1470 2300 snpra
1494 2221 1540 2283 tit.
1567 2224 1615 2284 t8.
1645 2218 1689 2281 De
1710 2217 1871 2300 cnosson.

286 2311 454 2374 fossionem
476 2313 520 2374 rei
548 2312 587 2374 de
614 2320 739 2392 recepta
766 2321 875 2376 mutuo
900 2317 1051 2396 pecnnia,
1105 2321 1166 2400 §3.
1184 2339 1214 2381 n.
1231 2324 1280 2388 rt.
1296 2323 1336 2383 '18
1355 2323 1385 2379 et
1399 2321 1448 2381 80.

287 2405 416 2468 tundata
438 2412 486 2468 est
506 2406 636 2468 intentio
650 2409 776 2481 actoris3
801 2409 893 2480 adeo,
918 2415 955 2473 nt
968 2417 1054 2473 actor
1145 2417 1196 2477 9t.
1218 2412 1257 2474 Si
1266 2430 1332 2474 reus
1344 2421 1385 2474 est
1401 2419 1506 2485 metes,
1522 2408 1600 2492 qnod
1617 2418 1770 2470 octorncn
1782 2406 1879 2486 possit

288 2500 442 2562 relevetur
469 2499 509 2560 ab
536 2517 632 2581 onere
656 2501 807 2580 probandi
834 2503 993 2582 debitum,
1023 2511 1054 2566 et
1104 2505 1229 2588 prodere
1246 2523 1329 2566 anem
1351 2503 1548 2576 intentiorem,
1571 2501 1652 2564 debet
1669 2518 1794 2580 nepam,
1818 2517 1878 2560 nort

287 2611 361 2656 reas
380 2591 530 2655 efficiatur
544 2611 639 2656 onere
657 2594 808 2673 probandi
827 2598 1051 2674 exceptionem.
1107 2599 1239 2678 excipere
1252 2617 1264 2660 .·
1277 2607 1305 2660 et
1325 2595 1403 2659 mr?
1414 2629 1455 2644 -
1478 2597 1630 2658 ceterum
1653 2595 1685 2654 in
1705 2593 1795 2672 praxi
1817 2609 1877 2652 no·

288 2705 325 2749 ac
344 2684 404 2747 nisi
424 2687 504 2748 hanc
526 2686 714 2765 probaverit,
739 2689 964 2752 condemnatus
988 2689 1026 2751 sit
1043 2709 1051 2751 τ
1107 2694 1209 2756 tande
1224 2695 1297 2754 sont
1310 2705 1348 2752 ex
1361 2691 1384 2752 l.
1400 2688 1562 2770 Siquidem.
1579 2705 1606 2748 c.
1625 2687 1656 2747 b.
1668 2691 1691 2748 t.
1707 2689 1877 2764 sequentes

289 2782 361 2861 quia
385 2780 416 2840 in
439 2779 491 2840 tali
514 2799 588 2842 casu
612 2780 763 2842 confessio
788 2785 835 2844 est
858 2789 999 2863 separata
1014 2782 1055 2844 ab
1107 2783 1372 2847 cauteloe.P1ima
1394 2782 1506 2844 estrei
1529 2797 1602 2842 rens
1624 2785 1673 2841 est
1694 2781 1811 2848 certus,
1828 2775 1877 2838 sel

289 2875 480 2954 exceptione.
495 2875 540 2934 lta
554 2871 659 2935 Abbas
673 2890 700 2933 c.
718 2871 939 2954 deceptionem.
954 2891 985 2934 n.
1003 2877 1052 2937 26.
1108 2875 1245 2948 contidit,
1256 2875 1340 2953 quod
1353 2878 1439 2936 actor
1452 2890 1516 2934 non
1529 2870 1626 2951 possit
1639 2869 1772 2948 probare
1787 2885 1879 2930 suam

289 2985 370 3029 vers.
388 2966 529 3042 Orontem
546 2964 719 3045 opinionem.
735 2965 769 3025 h.
785 2969 807 3028 t.
824 2966 905 3028 istud
917 2967 1055 3045 probans
1109 2969 1324 3041 intentionem,
1353 2967 1448 3030 debat
1475 2983 1590 3047 negare
1618 2963 1794 3042 (intellige,
1823 2961 1879 3022 nbi

290 3079 329 3126 ex
348 3061 369 3122 1.
395 3058 434 3122 Si
454 3057 578 3140 pridem
603 3077 630 3122 c.
656 3059 687 3120 h.
711 3067 733 3121 t.
758 3060 966 3122 ubidicitur:
997 3081 1011 3117 n
1025 3059 1057 3121 Si
1110 3061 1311 3135 conscientia,
1326 3049 1558 3124 et'reritasnon
1573 3064 1621 3120 est
1634 3058 1664 3118 in
1675 3055 1878 3133 conbanem)

289 3169 363 3216 roro
386 3152 425 3214 de
447 3150 506 3234 bac
529 3145 711 3228 (intentione
726 3152 848 3232 autoris)
862 3151 1054 3227 confitendo,
1110 3174 1173 3218 non
1188 3162 1292 3216 autem
1318 3152 1564 3234 exciperemus
1590 3148 1773 3228 excipiendo
1797 3165 1880 3208 onus

291 3243 471 3321 exceptione
492 3250 522 3305 te
545 3244 698 3306 munitum
726 3261 902 3321 asseveres,
931 3245 970 3306 de
998 3245 1057 3306 bac
1110 3246 1261 3327 probandi
1283 3247 1315 3310 in
1334 3263 1369 3308 se
1384 3246 1521 3326 suscipit,
1543 3262 1615 3305 nam
1629 3241 1746 3304 neusin
1761 3257 1877 3320 excep·

290 3343 412 3400 aarum
425 3337 476 3415 agi
491 3337 636 3399 convenit
651 3355 658 3398 ε
671 3357 686 3395 ε
704 3337 897 3402 concordant
911 3337 991 3400 dicta
1005 3357 1058 3401 su·
1110 3341 1195 3404 tione
1215 3348 1246 3402 et
1260 3345 1354 3402 actor.
1371 3339 1392 3401 l.
1410 3343 1431 3400 l.
1447 3339 1482 3400 ff.
1496 3337 1529 3400 b.
1544 3344 1567 3400 t.
1590 3337 1621 3398 Si
1640 3343 1746 3396 autem
1769 3340 1878 3412 negat.

290 3431 395 3511 perine
422 3431 469 3512 tit.
498 3431 547 3492 18.
573 3429 772 3510 Deeonsessis.
794 3432 812 3512 ἓ
834 3435 863 3494 5.
880 3451 910 3492 n.
933 3438 1002 3496 tt't.
1026 3437 1058 3496 et
1111 3437 1215 3497 actore
1236 3451 1298 3495 non
1319 3433 1470 3514 probante
1491 3449 1565 3492 rens
1587 3426 1807 3502 absolutioni.
1823 3426 1883 3502 Oai

292 3541 379 3604 seqq.
396 3524 518 3599 agendo
532 3522 571 3584 de
590 3524 783 3586 confessione
797 3524 983 3603 qualificata.
1111 3545 1255 3588 accusare.
1278 3543 1306 3587 c.
1329 3525 1365 3588 de
1387 3523 1511 3588 Edendo
1525 3531 1556 3585 et
1570 3531 1598 3583 c.
1624 3520 1699 3585 Cnm
1719 3519 1881 3596 mosne

331 3623 380 3684 92.
404 3617 565 3698 Essipr'ens
584 3618 737 3696 confitetur
761 3619 871 3698 [mmm
900 3621 930 3681 in
957 3639 1059 3701 exeep-
1111 3619 1165 3682 fin.
1181 3618 1218 3681 de
1231 3619 1327 3683 Causa
1337 3617 1504 3700 possession.
1519 3633 1592 3678 cam
1606 3613 1768 3676 similibus.

293 3711 368 3774 tione
380 3718 555 3773 contentam.
571 3742 611 3757 -
622 3713 715 3791 Resp.
730 3714 778 3776 ΙΙΙ.
794 3716 925 3794 Insuper
939 3721 1057 3777 certum
1151 3717 1200 3778 95.
1237 3713 1320 3788 &rod
1336 3713 1364 3774 si
1382 3711 1503 3785 dubitet,
1518 3728 1588 3771 num
1607 3715 1689 3769 ector
1707 3703 1805 3767 vanae
1812 3723 1882 3786 pro

293 3812 351 3879 est,
380 3804 463 3882 quod
490 3804 645 3885 excipiens
672 3803 858 3868 confiteatur
884 3807 999 3869 iactum
1026 3811 1058 3869 in
1112 3809 1180 3870 dere
1200 3808 1385 3869 intentionem
1407 3824 1509 3875 snam,
1530 3808 1622 3882 potest
1646 3798 1829 3880 nepoficnem
1853 3805 1882 3858 et

294 3897 474 3977 exceptione
493 3904 687 3970 contentum
702 3905 787 3977 puta,
805 3899 888 3978 quod
904 3902 993 3980 juxta
1007 3919 1059 3962 ca·
1111 3900 1302 3982 exceptiones
1329 3897 1499 3976 mmutrre;
1527 3903 1555 3958 et
1579 3889 1742 3976 montedo?
1762 3921 1804 3936 -
1827 3891 1883 3952 Se-

294 4008 363 4052 aum
386 3991 438 4051 cit.
460 4007 487 4050 c.
514 3989 589 4052 Cam
615 3991 795 4053 ammobilia.
820 3995 850 4055 e.
874 3992 906 4053 b.
931 3997 953 4055 t.
978 3992 1060 4053 tacta
1113 3992 1215 4056 cunda
1228 3993 1350 4055 cautela
1363 3991 1480 4053 ibidem
1495 4005 1656 4068 expressa,
1672 3991 1735 4047 est:
1752 3981 1882 4056 Quodsi

293 4083 993 4164 fueritqaedampermntatioecclesiarum.lta
1001 4085 1060 4146 Ab·
1113 4103 1187 4146 vero
1201 4101 1273 4145 reus
1288 4083 1417 4156 dubitet,
1430 4099 1505 4142 num
1515 4085 1601 4141 actor
1615 4077 1716 4140 valeat
1729 4075 1883 4137 suffician-

294 4178 351 4240 bas
365 4176 416 4239 cit.
432 4194 461 4238 c.
474 4175 549 4240 Cum
564 4175 744 4239 venerahilis.
757 4195 790 4239 n.
801 4181 850 4240 26.
862 4178 892 4239 h.
911 4185 932 4240 t.
955 4185 985 4239 et
995 4178 1057 4238 alii.
1113 4183 1161 4241 ter
1174 4176 1376 4240 intentionem
1390 4173 1479 4237 suain
1499 4171 1644 4252 probare,
1666 4173 1771 4251 potest
1786 4185 1883 4247 nega-

294 4269 373 4330 Hine
393 4269 426 4328 in
446 4285 473 4328 e.
497 4267 553 4330 Es
564 4274 649 4346 purte
663 4267 780 4330 Bonum.
798 4271 847 4331 33.
868 4268 902 4330 de
915 4268 1058 4349 Reseipt.
1113 4271 1231 4334 tionem
1256 4273 1287 4331 et
1310 4267 1523 4348 exceptionem
1546 4263 1717 4334 cumulare,
1747 4261 1882 4322 dicendo

296 4378 366 4422 cum
394 4377 466 4422 reus
493 4360 605 4423 nobilis
625 4360 807 4438 excipiendo
838 4367 1059 4440 proposuerat,
1114 4381 1144 4426 r.
1161 4382 1191 4442 g.
1212 4385 1228 4423 e
1250 4365 1354 4442 Nego,
1378 4359 1428 4422 vot
1451 4377 1513 4421 non
1537 4355 1703 4428 confiteor,
1728 4371 1779 4415 me
1794 4370 1885 4414 acce·

296 4459 528 4534 procuratorem
544 4454 580 4520 V.
602 4473 620 4515 a
635 4471 671 4515 ae
682 4455 777 4516 tuisse
797 4459 976 4518 mvocatnm
990 4462 1061 4518 ante
1115 4459 1198 4538 pisse
1212 4464 1354 4518 mutuum
1369 4473 1388 4516 a
1401 4463 1451 4528 tet
1468 4453 1523 4514 sed
1543 4453 1675 4526 siccasi,
1700 4453 1757 4512 aut
1770 4447 1886 4528 proba-

296 4546 543 4624 impatrntionem
558 4553 713 4608 certarum
726 4547 899 4610 litterarum
915 4548 1061 4628 apostoli·
1115 4552 1212 4623 retur,
1227 4548 1296 4610 dico
1311 4565 1361 4608 me
1376 4547 1430 4610 tibi
1445 4545 1589 4614 solvisset
1606 4565 1620 4602 n
1635 4541 1763 4604 otidum
1778 4539 1886 4600 dicen-

169 4711 175 4727 „
296 4655 404 4700 aarum
416 4638 468 4715 (de
483 4639 596 4717 quibus
609 4638 724 4700 ibidem
738 4657 840 4701 sermo
855 4643 919 4714 est)
933 4641 1062 4702 actorin
1115 4641 1190 4702 dum
1204 4641 1243 4702 de
1257 4639 1325 4702 aliis
1346 4637 1589 4718 exceptionibus.
1606 4639 1709 4714 Atque
1727 4633 1813 4693 bunc
1833 4649 1885 4692 ex·

297 4731 356 4792 hac
378 4729 444 4809 ipsa
459 4729 661 4791 ⁴revocatione
683 4731 892 4809 procuratoris
906 4731 942 4793 V.
966 4733 1062 4800 veluti
1116 4733 1248 4814 cipiendi
1277 4734 1423 4807 modum,
1451 4735 1601 4810 tanquam
1628 4725 1883 4802 secudssimnm,

296 4822 480 4899 confessata,
500 4821 908 4899 postmodumseiundavitt
925 4830 956 4886 et
970 4843 1063 4904 quae·
1116 4827 1313 4890 commendat
1331 4827 1438 4890 (iloooo
1467 4825 1519 4889 nit,
1545 4841 1572 4884 o,
1598 4821 1673 4886 Com
1701 4819 1884 4882 mosomo,

295 4919 369 4980 dam
383 4916 461 4979 alias
480 4916 596 4979 litteras
617 4915 812 4993 apostolicas,
828 4917 868 4978 ab
891 4917 1002 4979 eodem
1015 4935 1062 4978 re·
1115 4937 1195 4982 vers.
1214 4919 1376 4999 Confessus.
1401 4919 1433 4978 h.
1450 4923 1472 4979 t.
1500 4923 1531 4979 et
1556 4916 1660 4977 abbas
1681 4913 1770 4985 ibid..
1786 4929 1820 4974 n.
1835 4915 1884 4974 26.

294 5019 404 5072 vocato
436 5014 636 5088 procuratore
660 5006 696 5068 V.
724 5007 924 5086 impetratas,
953 5009 1062 5071 invaii-
1117 5015 1216 5086 ct273
1234 5019 1265 5074 et
1287 5013 1396 5090 Dynus
1420 5011 1451 5072 in
1474 5029 1541 5091 reg.
1566 5007 1882 5089 proprietatos.

235 5135 238 5142 ·
295 5102 400 5164 ditatis
413 5099 581 5179 redarguit,
593 5115 663 5175 qua
679 5097 772 5160 etiam
779 5099 1060 5164 ineruntcaesate:
1079 5091 1083 5102 ’
1115 5104 1152 5167 de
1165 5105 1239 5186 Bep.
1249 5103 1316 5186 jur.
1332 5103 1362 5165 in
1378 5107 1409 5166 6.
1424 5105 1503 5165 Nam
1516 5101 1679 5181 quiac'iroo
1690 5097 1886 5178 propositum

295 5193 401 5273 sicque
416 5199 510 5274 patet,
526 5191 609 5270 quod
624 5189 780 5270 excipiens
800 5192 985 5256 confiteatur
998 5195 1062 5257 tac·
1117 5201 1222 5260 extant
1244 5196 1376 5259 diversae
1398 5195 1561 5256 doctorum
1585 5191 1761 5266 sententie,
1786 5196 1822 5250 ut
1845 5189 1885 5248 vi-

294 5291 361 5349 Vlm
375 5288 407 5348 Vt
422 5286 602 5366 ⁰¹⁰0PV⁰¹¹0
616 5283 793 5362 alietatum.
1116 5288 1189 5350 dere
1214 5293 1261 5350 eet
1280 5288 1364 5368 apud
1386 5288 1539 5350 abbatem
1561 5289 1621 5348 loc.
1638 5287 1689 5347 cit.
1706 5290 1740 5346 ut
1755 5285 1885 5346 evitetur

333 5385 382 5444 93.
405 5381 456 5442 An
471 5380 709 5460 riremopponot
724 5377 918 5460 coreptionem
930 5399 1063 5463 peremp-
1116 5383 1232 5463 quevis
1246 5382 1468 5462 controversia,
1485 5387 1606 5464 oportet
1619 5397 1709 5444 reum
1727 5395 1798 5441 esse
1812 5395 1885 5440 cau-
