4026 6054
349 253 423 336 511.
445 253 497 318 DE
516 252 743 319 flohusrtrte
762 253 864 318 Vl'l'dl
884 255 1104 320 cluniacus
1123 257 1163 319 IN
1183 256 1347 335 GENERE,
1371 255 1454 320 ll'l'll.
1601 243 1604 250 ’
1632 248 1693 316 373

114 391 197 453 dre-n.
221 385 270 452 Et
288 389 322 452 li
340 395 436 452 antem
452 387 613 472 prodentur
633 387 774 470 primam,
796 389 876 452 eicie
927 389 1051 452 nodatis
1068 409 1075 452 ι
1093 407 1166 450 nam
1180 389 1285 464 dictio,
1299 389 1478 471 mim,
1493 387 1691 468 estimplica-

114 485 288 560 nrr'nitireni,
303 484 417 546 nullom
437 484 547 546 crimen
560 483 703 546 ludentes.
725 485 760 546 ld
773 484 874 564 ipsum
927 486 1007 564 tiva3
1019 487 1113 565 atque
1127 503 1165 548 ex
1178 485 1304 566 propria
1317 485 1358 559 vi,
1370 491 1401 548 ot
1413 488 1527 550 natura
1540 482 1689 564 implicat,

112 580 273 660 requirunt
295 579 412 660 passim
430 580 511 642 sacri
532 595 689 654 canones;
713 597 751 640 ac
771 578 873 641 novis·
928 578 1012 642 idem
1026 597 1094 642 esse
1107 580 1141 641 iu
1161 597 1236 642 casu
1259 577 1411 642 contrario
1427 580 1533 660 (pute3
1549 575 1691 659 quamvis

113 675 186 736 sime
214 672 383 736 concilium
409 671 634 748 Tridentium,
658 689 735 735 sess.
766 675 814 735 44.
843 673 876 734 in
928 674 1058 736 clericus
1071 692 1136 736 non
1150 674 1189 737 sit
1202 673 1387 738 constitutus
1401 673 1432 735 in
1453 673 1560 752 sacris)
1574 669 1690 734 licetin

112 784 243 847 prorem.
268 764 303 828 de
319 764 451 846 Reform.
476 771 507 828 et
529 783 607 828 sess.
626 769 675 828 22.
701 783 770 848 cap.
793 784 816 829 1.
841 764 876 827 de
928 765 980 829 illo
994 767 1329 832 iortiormilitstratio.
1344 764 1688 839 Everardus,locoti0.

112 859 242 940 Reform.
267 863 300 920 et
319 875 397 920 sess.
418 859 469 920 23.
490 875 558 940 cap.
578 875 608 922 ι.
624 862 656 920 et
669 873 757 939 seqq.
772 856 809 920 dc
819 857 875 920 Re·
936 868 1107 924 canatum
1121 863 1290 926 dictionum
1304 863 1597 943 implicaturum.»
1614 877 1646 920 n.
1659 860 1690 920 t.

113 955 199 1038 [oren.
216 959 248 1016 et
261 951 346 1016 alibi.
391 955 394 962 '
929 960 961 1017 ei
983 974 1082 1037 seqq&
1108 957 1255 1030 Barbosa‚
1283 954 1431 1019 locande
1446 953 1631 1018 mitonem.
1647 950 1692 1014 di·

149 1051 201 1110 37.
223 1045 276 1109 Ea
303 1048 335 1108 in
360 1044 550 1108 ecierioridns
572 1064 685 1129 quoqne
709 1045 875 1108 clericorum
929 1050 1023 1114 olion.
1040 1056 1108 1116 277.
1124 1071 1157 1113 ιι.
1175 1055 1202 1116 t.
1220 1054 1252 1114 et
1266 1050 1472 1132 seqqetalii.

113 1142 237 1206 mor-idne
249 1142 401 1204 elucescere
413 1139 657 1221 dedet-Rem.
669 1141 706 1202 V.
723 1141 876 1203 Honeslas
968 1146 1017 1209 39.
1039 1143 1191 1226 differunt
1211 1154 1306 1208 tamen
1328 1145 1485 1208 minocisloe
1502 1161 1521 1205 a
1538 1141 1647 1206 clert'cis
1661 1141 1693 1202 in

112 1238 178 1300 nite
194 1234 347 1300 clericalis
370 1234 464 1297 etiam
486 1233 520 1295 in
534 1233 737 1297 exterioribus
751 1234 877 1296 clerico·
929 1237 1020 1298 socen
1032 1237 1183 1301 ordinibus
1196 1238 1369 1318 comtitntis,
1385 1237 1482 1321 quoad
1492 1235 1693 1318 odliqctidnern

112 1349 179 1395 rum
204 1329 346 1392 ruodbns
369 1329 547 1392 elucescere
570 1329 673 1391 dehet.
697 1328 747 1390 Sic
761 1329 876 1408 quippe
929 1330 1067 1394 mandi
1079 1333 1253 1395 costitotem.
1269 1363 1307 1380 -
1321 1332 1414 1412 Resp.
1431 1335 1467 1395 ll.
1486 1327 1693 1393 Nihilominus

112 1445 178 1490 can.
205 1425 347 1490 Clen'cnn
369 1422 441 1486 dist.
455 1425 506 1487 44.
524 1423 557 1485 in
570 1423 701 1486 concilio
715 1421 878 1504 Carthagi·
930 1422 1033 1504 quoad
1048 1425 1268 1506 obligationem
1282 1425 1426 1488 servandi
1445 1425 1630 1501 castitatem,¹
1646 1427 1694 1484 est

112 1521 201 1583 nensi
224 1523 255 1582 4.
273 1537 342 1600 cap.
358 1533 425 1581 ιιι.
440 1516 574 1580 retertur
587 1520 760 1580 statutum:
780 1515 877 1578 ncte-
929 1518 1074 1581 notahilis
1096 1520 1274 1584 differentia
1290 1521 1374 1585 inter
1391 1519 1520 1584 clericos
1542 1519 1575 1580 in
1598 1516 1694 1580 sacris

112 1615 194 1676 nous
208 1611 435 1692 professionem
446 1612 576 1671 suamet
584 1608 704 1682 habitu,
716 1608 877 1672 etincessu
930 1611 1092 1676 ordinibus
1105 1615 1301 1694 constitutos,
1313 1622 1345 1679 et
1357 1614 1440 1679 inter
1453 1612 1583 1677 clericos
1595 1611 1695 1674 mino·

111 1707 235 1787 prohet.
252 1728 269 1766 ι
285 1703 386 1778 Unde,
401 1709 437 1766 nt
449 1703 655 1784 ibid.§Sicnt.
667 1703 875 1784 subjungitur,
930 1707 1031 1769 ristas.
1055 1708 1099 1770 Ita
1123 1708 1228 1771 Abbns
1251 1710 1302 1773 cit.
1317 1728 1347 1773 o.
1366 1708 1646 1774 vicenorum.
1661 1709 1692 1768 2.

116 1803 177 1864 clu
191 1799 318 1861 incessu
331 1799 425 1861 dehet
438 1815 507 1860 esse
523 1796 670 1859 sacerdos
684 1803 827 1873 ornatus,
844 1800 878 1859 ut
930 1801 962 1864 h.
978 1807 1001 1864 t.
1018 1807 1050 1864 et
1063 1803 1237 1865 communis
1250 1804 1479 1887 theologorum,
1495 1809 1589 1880 atque
1603 1801 1696 1864 cano·

112 1893 265 1975 gravitate
278 1893 408 1967 itineris,
424 1891 537 1954 mantis
550 1891 761 1955 maturitatem
775 1895 879 1954 osten-
931 1893 1094 1957 uictarum.
1120 1895 1281 1974 Siquidem
1304 1896 1406 1959 clerici
1430 1893 1599 1956 minoristse
1613 1892 1695 1954 licita

112 1989 174 2051 dat.
191 1985 413 2068 incompositio
429 1985 511 2048 enim
526 1984 663 2066 corporis
678 1985 879 2067 (uttuguett-
931 1993 1079 2070 possunt,
1103 1987 1130 2048 si
1152 1988 1326 2063 voluerint,
1350 1987 1581 2050 matrimonium
1603 1984 1694 2058 inire,

111 2099 181 2157 nns,
207 2080 305 2160 Epist.
328 2079 477 2159 roseit)
500 2078 743 2160 inequalitatem
762 2079 880 2142 indicet
931 2096 1122 2159 uxoremque
1136 2081 1253 2144 ducere
1267 2101 1336 2162 cop.
1351 2100 1373 2146 1.
1391 2085 1422 2145 et
1436 2100 1471 2149 c.¹
1482 2076 1595 2156 Ουοάα
1611 2083 1646 2139 le.
1663 2079 1694 2160 3.

111 2173 238 2238 mentis.
257 2196 272 2233 ι
289 2175 357 2236 lluc
378 2173 452 2236 facit
469 2171 547 2234 illud
560 2179 684 2236 eterne
700 2172 877 2254 Sapientiae,
931 2174 968 2238 de
992 2172 1112 2238 Clerici
1133 2175 1285 2256 conjugat.
1309 2178 1340 2238 et
1360 2174 1459 2236 alibi:
1485 2190 1575 2236 secus
1596 2175 1642 2232 est
1663 2166 1696 2230 in

111 2267 324 2332 Ecclerinnlici.
340 2284 403 2342 ιιι,
418 2270 521 2331 ieie.
537 2269 724 2349 generaliter
732 2267 772 2330 de
779 2267 881 2331 omni-
933 2267 1053 2330 clericis
1067 2267 1241 2330 constitutis
1254 2270 1286 2330 iu
1301 2267 1407 2332 sacris.
1417 2266 1537 2328 Deinde
1551 2263 1697 2326 differunt

111 2363 170 2424 hus
197 2360 435 2442 pronuntiatum
451 2379 459 2422 ι
475 2360 531 2423 Ec
549 2360 613 2422 vien
627 2361 879 2442 cognoscituroir,
932 2363 965 2424 in
993 2363 1164 2442 quantitate
1187 2361 1317 2425 delicti:
1338 2381 1412 2425 nam
1439 2361 1543 2422 minus
1566 2357 1698 2438 peccant

111 2467 138 2518 et
158 2457 198 2516 od
212 2471 335 2516 ocmrrn
348 2452 436 2533 facin
447 2453 628 2535 cognoscitur
641 2463 780 2516 senoina
797 2453 880 2516 Ami·
934 2455 1065 2536 (ceteris
1078 2455 1219 2535 paribus)
1234 2456 1335 2518 clerici
1350 2454 1521 2517 minoristm‘
1533 2457 1620 2514 extra
1634 2467 1698 2512 ma·

110 2559 174 2612 ctus
199 2547 350 2631 corpere,
368 2555 396 2610 el
420 2547 497 2608 risus
516 2546 666 2618 declinem
687 2557 716 2610 ct
737 2547 881 2630 inpressae
933 2549 1112 2616 trimonium
1127 2550 1279 2612 violantes
1288 2550 1473 2625 castitatem,
1485 2563 1581 2626 mam
1594 2541 1697 2606 clerici

111 2643 238 2706 nmine
252 2640 406 2704 enuntiant
418 2639 523 2702 deillo.
534 2640 882 2721 Patetproinde,quam
933 2645 967 2706 in
981 2643 1077 2704 sacris
1091 2641 1250 2704 ordinibus
1269 2643 1335 2721 jam
1358 2639 1514 2705 constituti
1531 2657 1540 2700 ε
1557 2654 1594 2700 eo
1613 2635 1699 2716 quod

110 2735 291 2800 necessaria
306 2736 344 2797 sit
357 2734 478 2798 clericis
492 2737 627 2818 gravitas
641 2754 776 2811 morum,
787 2741 881 2816 atque
934 2735 978 2799 illi
991 2739 1122 2814 peccent
1135 2741 1243 2796 contra
1257 2736 1357 2798 solam
1370 2735 1516 2796 sulutem
1530 2728 1695 2802 castitatis;

110 2831 265 2892 honestas
291 2829 361 2891 vitm
391 2828 486 2890 etiam
514 2829 673 2892 exterioris
698 2846 706 2889 ι
736 2847 777 2891 ne
802 2827 881 2890 forte
935 2829 968 2892 hi
981 2845 1055 2890 vero
1079 2827 1174 2890 etiam
1193 2833 1325 2908 peccent
1347 2833 1453 2890 contra
1467 2827 1614 2888 virtutem
1628 2820 1700 2883 reli·

111 2923 211 3004 (quod
225 2923 319 3003 absit)
334 2921 511 2986 verificetur
524 2921 556 2982 in
570 2923 644 3002 ipsis
658 2921 734 2984 illud
748 2922 883 3002 prophe·
936 2922 1046 3005 gioria,
1071 2921 1112 2982 ob
1135 2939 1292 2984 annexum
1305 2921 1402 2983 sacris
1417 2917 1577 2982 ordinibus
1591 2918 1699 2978 votum

110 3020 210 3080 ticum
222 3016 323 3090 lanice,
337 3031 395 3089 ιιι,
410 3019 430 3079 8
443 3015 512 3079 ¹ltlon
525 3023 567 3077 est
578 3014 722 3096 jndr'cim
737 3014 768 3076 in
780 3014 883 3096 pressi·
936 3016 1135 3080 continentia.
1152 3016 1240 3089 Quod
1254 3021 1289 3077 ut
1303 3013 1413 3077 melius
1426 3011 1628 3092 intelligatur,

112 3111 165 3174 lus
188 3129 303 3173 eornm
328 3107 391 3170 Sed
404 3108 518 3190 potius,
532 3107 619 3187 juxta
633 3108 786 3170 monitum
799 3109 884 3186 Apo-
976 3113 1025 3174 40.
1049 3109 1157 3173 Clerici
1175 3109 1206 3173 in
1225 3107 1315 3170 aceri
1337 3105 1492 3183 onena,
1514 3111 1573 3166 nem
1586 3099 1697 3175 illicite,

110 3207 224 3270 stolii
261 3201 396 3266 Corioli.
425 3219 486 3278 ιιι,
509 3205 560 3266 40.
582 3219 640 3282 per
658 3203 742 3281 ipsos
755 3201 884 3263 clericos
937 3212 999 3268 lum
1033 3201 1162 3266 ennolide
1195 3201 1371 3266 enunciant
1401 3197 1627 3262 matrimonium
1660 3226 1700 3248 -·

109 3299 213 3361 omnin
228 3297 356 3373 tonate,
372 3293 565 3359 cicerculum
578 3293 708 3357 ordiner.
720 3294 806 3376 finnt.
823 3294 884 3356 Vs·
936 3301 1030 3379 itesp.
1046 3297 1096 3360 ili.
1111 3296 1220 3360 clerici
1240 3297 1273 3359 in
1297 3295 1393 3359 cacus
1416 3293 1575 3357 ordinibus
1587 3289 1700 3354 consti·

108 3411 183 3456 rum
198 3390 419 3455 descendendo
434 3388 474 3451 ad
487 3389 680 3470 specialiora.
935 3393 995 3456 tuti
1008 3393 1156 3454 tenentur
1167 3389 1207 3452 ad
1221 3389 1408 3452 semandam
1421 3393 1606 3468 perpetuam
1625 3399 1698 3446 con·

150 3490 205 3550 3&
231 3483 355 3562 Clerici,
372 3483 460 3546 etiem
473 3482 641 3558 minorictc,
662 3489 884 3544 tenentercorte
936 3485 1111 3558 tinentiam,
1133 3501 1189 3546 sen
1209 3483 1381 3546 castitatem
1397 3501 1405 3542 ι
1422 3481 1512 3556 adeo,
1527 3483 1638 3540 utnon
1652 3491 1700 3536 so-

109 3583 213 3645 oioere
233 3599 248 3642 .·
274 3577 403 3659 alioquin
432 3595 486 3659 per
513 3575 637 3641 indicem
662 3573 882 3638 cmlesimlicnm
936 3578 1002 3640 lum
1029 3575 1148 3650 illicito,
1168 3575 1225 3638 sed
1247 3576 1340 3640 etiam
1359 3573 1495 3636 invalide
1515 3568 1701 3634 contrahant

108 3687 181 3741 mne
193 3671 350 3758 puniendi,
365 3669 462 3733 Dictio
483 3668 672 3747 Praesertim,
692 3677 734 3730 cst
749 3667 882 3750 inplica-
937 3669 1179 3732 matrimonium.
1195 3671 1239 3732 lta
1253 3668 1445 3731 communis:
1462 3665 1555 3746 idque
1569 3667 1701 3744 patetex

110 3774 188 3854 linc.
204 3803 248 3818 -
273 3768 426 3842 Quaeritur
450 3769 488 3829 ll.
517 3767 581 3830 Sub
609 3784 671 3846 qua
693 3764 883 3846 obligatione
937 3784 1008 3828 can.
1023 3762 1218 3846 Presbyteri.
1234 3763 1304 3824 dist.
1321 3765 1370 3824 m.
1387 3767 1500 3824 elcan.
1516 3755 1640 3822 Nullum
1653 3754 1701 3836 fn·

109 3863 224 3930 clerici
247 3866 413 3925 teneantur
432 3864 516 3924 caste
531 3861 657 3923 viveret
671 3861 763 3938 Resp.
780 3861 802 3921 1.
820 3858 885 3922 Gle-
937 3876 1010 3920 cere.
1035 3873 1072 3918 ac
1094 3873 1182 3936 seqq.
1207 3854 1277 3918 dist.
1302 3856 1352 3917 28.
1378 3857 1410 3918 et
1427 3871 1495 3932 cap.
1512 3867 1534 3912 1.
1551 3854 1592 3910 et.
1608 3864 1648 3910 ιι.
1664 3845 1701 3908 de

109 3961 168 4022 rici
184 3975 253 4019 non
267 3955 368 4017 solum
381 3955 413 4016 in
429 3955 524 4016 sacris
539 3951 699 4014 ordinibus
714 3951 884 4030 constituti,
940 3951 1061 4018 Clericis
1081 3949 1229 4031 conjugat.
1244 3967 1317 4010 cum
1330 3943 1576 4018 concordantiis;
1590 3943 1700 4023 juncto

109 4055 170 4118 scd
187 4051 284 4114 etiam
298 4047 478 4128 minoristee,
493 4054 640 4111 tenentur
653 4046 693 4108 eh
717 4046 800 4107 omni
818 4043 887 4106 lihi-
939 4044 1069 4109 concilio
1083 4043 1272 4118 Tridentino,
1288 4059 1366 4104 sess.
1380 4045 1430 4104 24.
1446 4056 1515 4102 can.
1531 4041 1562 4101 9.
1578 4035 1701 4116 opposi-

109 4145 201 4208 dinis
222 4141 298 4204 vitio
320 4139 489 4214 abstinere,
505 4142 651 4217 casteque
665 4137 768 4199 vivere
783 4155 792 4198 :
809 4135 887 4198 elio·
939 4147 1005 4204 tum
1020 4140 1187 4201 damnante
1202 4137 1260 4199 sub
1274 4138 1483 4199 anathemate.
1508 4130 1702 4206 Quinimo,si

109 4241 196 4320 quin
217 4253 274 4318 per
295 4234 433 4316 judicem
448 4233 691 4296 ecclesiasticum
706 4249 762 4313 pro
776 4231 886 4292 meritc
940 4233 1070 4298 clericus
1096 4232 1128 4294 in
1156 4231 1252 4295 sacris
1279 4229 1462 4293 constitutus
1498 4225 1703 4307 presumeret

109 4331 222 4408 culpes
238 4332 310 4388 sunt
323 4323 484 4408 puniendi.
493 4327 607 4387 Textus
621 4340 660 4386 ex
674 4324 705 4384 iu
720 4341 748 4385 c.
769 4321 810 4386 llt
824 4321 888 4384 Cle-
939 4327 1171 4390 matrimonium
1185 4325 1384 4399 contrahere,
1399 4323 1513 4402 preter
1524 4319 1620 4400 hujus
1631 4315 1703 4378 nul·

110 4425 264 4486 reiorum.
289 4423 338 4482 43.
363 4419 396 4480 h.
420 4423 444 4480 t.
468 4419 552 4499 quod
575 4425 622 4480 est
636 4418 835 4497 desumptum
848 4435 888 4479 ex
939 4419 1070 4497 litatem,
1082 4417 1221 4497 aliasque
1230 4433 1340 4496 poenas
1349 4407 1702 4484 idcircodebitas,etiam

116 4513 260 4580 concilio
274 4511 427 4586 Generali,
439 4527 494 4573 sen
508 4511 720 4588 lateranensi,
732 4510 886 4573 celebrato
940 4513 1008 4592 ipso
1023 4512 1104 4573 lacto
1120 4507 1445 4572 excommunicationis
1459 4503 1644 4568 senteutiam
1657 4502 1703 4564 in·

109 4610 180 4672 sub
197 4606 379 4670 innocentie
393 4605 442 4666 ΙΙΙ.
459 4606 491 4666 et
503 4603 547 4665 sic
561 4604 642 4667 inter
654 4603 715 4665 alia
730 4605 885 4683 loquitur:
941 4611 1091 4670 curreret.
1116 4606 1212 4668 Glem.
1238 4603 1300 4666 Eos
1323 4600 1376 4684 qni
1396 4600 1431 4662 dc
1447 4597 1661 4680 consanguinit.
1675 4603 1705 4660 el

115 4725 133 4762 o
160 4699 277 4765 Clerici
298 4699 508 4776 continenter,
535 4701 567 4760 et
590 4699 675 4760 caste
699 4696 804 4760 vivere
827 4702 890 4759 stu·
942 4699 1053 4782 officit.
1069 4698 1186 4760 Verum
1199 4695 1239 4757 do
1253 4695 1313 4757 hoc
1335 4692 1423 4774 plura
1436 4691 1574 4755 inferius.
1589 4689 1637 4755 tit.
1652 4689 1703 4754 Ill.

108 4799 218 4861 deaut
234 4793 383 4871 universi,
395 4793 566 4873 praesertim
575 4793 607 4854 in
621 4791 717 4854 sacris
731 4793 890 4855 ordinibus
943 4791 979 4856 de
992 4791 1112 4856 Clo-iric
1125 4789 1299 4872 conjugati.

111 4888 284 4956 constituti
301 4907 309 4950 ε
326 4886 367 4950 ab
380 4887 466 4950 omni
478 4887 613 4949 lihidinis
627 4887 701 4949 vitio
715 4905 892 4967 precaven·
984 4889 1033 4949 lt.
1059 4883 1257 4966 lenentnrqne
1290 4899 1404 4946 errore
1424 4885 1594 4962 perpensum
1616 4875 1708 4940 mnni-

109 4993 216 5050 tes.»
249 4987 308 5044 etc.
337 4979 377 5042 ut
401 4980 506 5042 inira:
541 4979 753 5056 «Statuimus,
777 4986 813 5042 ut
839 4981 892 5060 qui
945 4981 1088 5055 omme,
1109 4997 1167 5039 non
1187 4977 1279 5039 solnm
1299 4995 1338 5041 ec
1357 4975 1463 5038 motivo
1484 4971 1635 5046 cocceam,
1657 4969 1709 5034 ced

110 5073 345 5156 comprehensi
366 5071 481 5134 luerint
499 5071 730 5134 incontinentias
754 5072 830 5135 nitio
851 5073 893 5134 le·
946 5073 1033 5136 etcum
1047 5069 1205 5134 ecoirtnte
1226 5067 1385 5150 religionis.
1400 5098 1440 5114 —
1453 5066 1546 5151 Resp.
1567 5063 1617 5124 IV.
1641 5061 1707 5124 Gis·

111 5175 251 5239 horare,
267 5171 359 5248 prout
373 5167 483 5246 magis,
499 5166 669 5228 autminus
682 5166 891 5244 peccaverint,
946 5166 1018 5228 ricis
1041 5163 1073 5225 in
1093 5161 1190 5224 sacris
1210 5160 1370 5224 ordinibus
1389 5157 1544 5220 constituti
1563 5159 1709 5217 tenentur

111 5261 310 5346 puniantur.
320 5281 335 5318 o
348 5257 406 5322 Ubi
420 5257 525 5321 Abbns
538 5278 571 5320 ιι.
586 5263 616 5321 2.
633 5257 834 5339 ponderando
851 5260 892 5342 ly,
947 5260 987 5322 ad
1002 5257 1187 5321 servandam
1200 5261 1385 5336 perpetuam
1404 5247 1626 5314 continentiam
1645 5267 1710 5311 non

110 5353 293 5442 presertim
321 5351 353 5413 in
381 5353 472 5412 sacre
497 5351 657 5429 mdiniluo,
685 5357 770 5415 recte
793 5357 893 5428 notat,
948 5353 1050 5414 solum
1063 5367 1102 5412 ex
1116 5347 1230 5410 motivo
1242 5345 1400 5422 castitatis,
1411 5347 1445 5405 ut
1455 5341 1558 5404 ceteri
1568 5341 1711 5404 homines

112 5453 251 5514 textum
264 5446 352 5508 illum
366 5443 460 5511 stiam
473 5445 642 5527 procedere
659 5445 693 5508 in
706 5447 827 5511 clericis
839 5445 895 5509 mi·
955 5452 1042 5508 erus
1066 5442 1238 5525 legitimum
1263 5436 1518 5507 matrimonium:
1539 5433 1595 5498 sed
1617 5435 1712 5498 etiam
