4026 6054
434 333 522 414 §lit
544 335 594 398 [tu
614 335 827 408 buleutae
847 335 1013 402 naeuus
1032 337 1261 416 ctumcehts,
1283 342 1366 408 ute.
1632 347 1691 410 385

130 459 210 560 Ι93.Ι
223 457 364 542 Refertae·
377 461 515 545 edictam,
529 467 564 532 dc
577 468 713 534 mundato
734 470 873 534 Innocen-
1089 545 1092 550 ,
1210 543 1213 550 .
1259 473 1277 556 ἓ
1300 475 1351 540 Ν·

112 549 147 610 tei
164 551 243 626 ΧΙΙ,
260 554 291 614 io
312 553 426 618 diocesi
445 557 629 644 Freirhgeoei
640 562 764 645 desuper
776 561 873 646 publi-

109 651 214 709 ,01,„„‚
232 681 273 694 ,,
292 650 360 711 g„
381 651 503 716 ,offigit
525 655 726 720 consumam
745 657 874 720 Manda-
925 633 963 682 ue
983 633 1148 689 calculus
1169 636 1295 686 uacuus
1320 635 1504 701 emmeram
1533 635 1572 686 ur
1596 639 1691 688 rmus

108 741 512 834 tums,n,1q,1„n00,„gi
536 755 625 829 βψω
648 752 711 815 ΧΠ.
728 751 871 830 cousus,
1116 729 1177 778 suu
1197 731 1253 779 ιιοιι
1274 733 1492 780 emereamur.

107 837 141 896 ut
154 851 300 914 persnas
313 839 439 902 nuutios
452 849 640 906 moneantur
661 844 809 908 ordinarii
826 847 873 908 lo·
965 851 1015 911 el.
1039 848 1157 926 θιιιὶιηι
1178 849 1309 914 hobitum
1323 850 1399 932 jura
1420 848 1621 934 praesciderit,
1645 849 1693 914 rel

106 943 236 1006 corum,
256 935 293 996 ut
313 935 422 996 contra
442 935 576 998 abusum
598 937 778 1014 celebrandi
800 957 872 1002 cum
922 939 1095 1024 prohibeant
1121 941 1262 1008 reddet
1290 945 1411 1028 Oportet
1437 945 1574 1024 elericos,
1601 953 1690 1008 metet

107 1038 195 1084 coma
222 1023 332 1090 fictitia
358 1045 498 1111 congrua
522 1031 690 1096 adhibeant
713 1036 870 1099 remedia:
924 1036 1045 1118 proprio
1058 1047 1253 1118 congruentes,
1269 1036 1370 1100 ordini
1380 1057 1492 1120 semper
1506 1037 1631 1119 deferre.
1654 1071 1690 1089 -·

106 1115 327 1220 rahoneeujus
340 1119 513 1185 iudicecasi
526 1124 791 1206 Frisingensi,ubi
804 1130 873 1193 haee
927 1127 1116 1200 Quariturl.
1140 1131 1271 1202 Qualem
1294 1131 1435 1194 habitum
1454 1133 1526 1212 jura
1548 1132 1691 1212 praesori-

108 1208 223 1288 scmbo,
237 1227 374 1292 sequens
387 1213 524 1276 edictum
537 1215 730 1296 publicatum
743 1217 809 1284 tuit.
926 1221 1013 1300 baut,
1028 1225 1078 1286 vel
1092 1225 1430 1305 prohibeant-clericis?
1444 1226 1537 1306 Reep.
1551 1226 1575 1288 1.
1597 1246 1612 1283 ι
1625 1224 1690 1287 hisi

150 1303 243 1364 «Nos
255 1303 410 1386 Josephus
424 1307 577 1386 Clemens,
592 1311 660 1389 Dei,
677 1318 708 1375 et
731 1314 874 1396 apostoli·
927 1317 1051 1380 habitus
1071 1335 1136 1381 non
1158 1319 1251 1383 iaciat
1270 1318 1473 1395 monachum,
1497 1323 1619 1401 oportet
1641 1325 1691 1381 ta·

109 1411 152 1456 cae
179 1396 270 1458 Sedis
289 1399 389 1479 gratia
410 1401 662 1485 archiepiscopus
682 1405 873 1470 coloniensis
927 1427 1000 1472 men
1031 1409 1159 1474 clericos
1190 1418 1291 1475 vestes
1321 1411 1447 1492 proprio
1483 1413 1692 1492 congruentes

109 1489 140 1550 S.
157 1490 195 1552 lt.
210 1489 334 1574 imperii
351 1511 409 1574 per
420 1496 541 1558 ltaliam
558 1499 871 1578 archicancellarius,
928 1503 1027 1566 ordini
1041 1521 1164 1585 semper
1177 1503 1310 1582 deterre,
1326 1509 1361 1569 ut
1374 1523 1431 1586 per
1444 1504 1622 1568 decentiam
1635 1505 1692 1566 ba·

108 1585 139 1642 et
158 1583 296 1662 elector,
321 1604 417 1650 sacre
440 1591 619 1671 apostolicae
643 1593 730 1656 Sedis
751 1595 873 1676 legatus
926 1595 1011 1659 bitus
1025 1598 1188 1662 extrinseci
1201 1597 1534 1661 morum'honestatem
1547 1597 1691 1660 intrinse-

109 1683 212 1762 uatus,
222 1679 388 1760 episcopus
400 1682 609 1766 Frisingensis
624 1691 655 1748 et
671 1685 875 1768 Retisponen-
928 1705 998 1751 cam
1013 1691 1216 1754 ostendant.»
1234 1691 1336 1756 Verba
1350 1693 1422 1754 sunt
1436 1689 1556 1754 concilii
1568 1689 1694 1753 Teiden·
1752 1705 1756 1712 ·

108 1771 160 1847 sis,
183 1773 415 1838 administrator
434 1779 740 1862 Berctbesgadeusis,
763 1781 875 1844 utrius·
927 1781 995 1859 tini,
1020 1800 1097 1846 esse.
1123 1786 1173 1847 lt.
1196 1802 1225 1846 c.
1249 1788 1279 1848 6.
1304 1784 1339 1847 de
1364 1783 1467 1866 Refer.
1494 1783 1694 1865 grausumas

107 1884 170 1946 que
193 1869 344 1944 Baiana
360 1877 391 1934 st
411 1874 580 1954 superioris
598 1875 800 1958 Palatinstus,
817 1895 875 1942 uec
928 1892 1039 1958 poenas
1066 1876 1100 1938 in
1127 1883 1370 1958 transgressores
1397 1877 1625 1958 subjungentis,
1653 1878 1693 1941 de

107 1979 172 2021 non
197 1962 416 2044 westphalica,
442 1970 474 2028 et
495 1969 639 2049 Ungarioe
663 1969 745 2047 dux,
769 1989 875 2038 comes
928 1969 1041 2051 quihus
1056 1969 1280 2053 iuprcgressu.
1296 1972 1470 2034 Concordat
1484 1989 1553 2036 oen.
1575 1971 1692 2036 ctae.

108 2055 271 2118 Palatinus
292 2057 407 2136 Rheni,
422 2059 632 2144 Landgraviue
647 2063 875 2130 Leuehtenbsr·
928 2063 998 2125 dist.
1015 2065 1064 2126 23.
1081 2063 1279 2127 ubidicitur:
1301 2064 1519 2128 «Vestimenta
1538 2064 1632 2126 etiam
1645 2063 1695 2126 vel

109 2150 209 2230 gicna
351 2185 354 2192 ν
929 2155 1143 2219 calceamenta
1164 2158 1210 2219 eie
1234 2156 1374 2240 (clericis)
1399 2158 1458 2220 nisi
1481 2175 1551 2238 quae
1574 2156 1696 2237 religio·

152 2246 267 2324 «Cum
289 2263 353 2310 non
374 2247 439 2311 aue
462 2251 609 2315 scandalo
632 2258 698 2316 tam
718 2253 876 2318 haersiico-
929 2263 1004 2310 nem
1026 2247 1167 2325 deceant,
1191 2250 1246 2327 uti,
1271 2257 1326 2313 aut
1347 2249 1463 2313 habere
1480 2268 1545 2312 non
1558 2249 1691 2325 liceato

109 2357 199 2419 rum,
216 2357 314 2420 qaum
328 2341 422 2406 eliam
435 2344 675 2422 catholicorum,
695 2347 812 2412 ebusus
825 2348 877 2412 de·
930 2355 1003 2400 tum
1026 2339 1395 2426 sinilibus'ouanquan
1415 2341 1595 2422 huillfflmdi
1618 2340 1696 2403 ⁰bli·

110 2435 277 2498 testaudus
291 2435 323 2496 in
337 2438 510 2501 Germanias
524 2438 723 2517 dimoeritas,
740 2445 772 2505 et
785 2441 878 2504 ettam
932 2431 1014 2512 gatio
1029 2432 1227 2496 solummodo
1240 2441 1408 2498 concernat
1421 2433 1549 2496 clericos
1563 2432 1597 2494 in
1615 2431 1698 2494 ordi·

110 2531 142 2592 in
155 2536 267 2592 nostra
278 2529 449 2612 irrepserit,
465 2538 501 2598 ut
514 2535 609 2616 aliqui
624 2537 800 2600 sacerdotes
814 2543 878 2599 tam
931 2525 1023 2588 nibus
1037 2527 1133 2588 ⁸8⁰¹ss
1147 2528 1340 2605 0011⁵filt¹i⁰⁸2
1364 2534 1418 2590 ³¹11
1439 2526 1627 2590 b0fl0fi⁰i¹¹m
1648 2541 1697 2588 0⁰·

111 2623 363 2706 indignitatibus
382 2627 569 2707 majoribus,
592 2647 687 2708 quam
707 2629 879 2694 minoribus
931 2619 1139 2683 clesiasticum
1153 2621 1315 2697 hebentes,
1330 2622 1420 2702 juxta
1432 2621 1516 2686 diota
1528 2640 1560 2683 n.
1575 2623 1626 2683 69.

109 2717 294 2795 constituti,
310 2726 345 2782 ut
364 2726 396 2783 ct
417 2721 470 2783 alii
492 2742 555 2786 non
577 2732 759 2789 vererentur
778 2743 880 2788 sacro-
971 2717 1021 2780 95·
1047 2713 1158 2778 Clerici
1169 2716 1267 2779 clauso
1280 2716 1383 2782 deterat
1395 2716 1509 2800 deferre
1519 2715 1695 2794 mdcmeote,

109 2818 259 2876 sanctum
285 2816 317 2876 et
340 2815 537 2880 tremendum
566 2819 667 2882 Missae
694 2818 879 2882 sacrificium
932 2807 1024 2872 nimio
1038 2809 1176 2875 brevitate
1190 2813 1235 2876 cel
1246 2812 1495 2894 longitudiceooc
1508 2813 1698 2878 notendo.-

109 2907 231 2988 ahaqus
255 2907 436 2971 sacerdotali
455 2913 630 2976 reuerentia
646 2913 728 2993 (quse
743 2913 800 2974 soli
815 2915 879 2976 Deo
932 2906 1026 2984 Rcsp.
1042 2907 1077 2969 ll.
1095 2907 1276 2988 specialiter
1296 2916 1402 2972 autem
1422 2909 1541 2972 clericis
1561 2907 1699 2988 injungi·

109 3003 254 3063 omnium
272 3003 409 3066 maxima
426 3004 569 3088 debetur)
584 3025 656 3070 aum
669 3025 758 3070 coma
772 3007 879 3072 fictitia
932 3001 994 3074 tur,
1015 3006 1078 3062 cut
1091 3001 1197 3065 chose
1209 3002 1351 3067 deterant
1359 3003 1494 3083 desuper
1503 3002 1696 3079 indumento,

107 3097 175 3158 Deo
199 3095 333 3170 (ἥψω
358 3097 400 3159 ita
423 3103 457 3160 ut
475 3099 695 3162 sanctissimus
708 3101 819 3164 Noster
832 3100 881 3162 di.
932 3092 1028 3154 nimia
1043 3093 1204 3176 brevitate,
1224 3097 1273 3160 vel
1293 3097 1486 3178 longitudine
1505 3115 1569 3158 non
1589 3102 1699 3158 notan·

107 3189 183 3252 vina
209 3189 406 3270 providentia
435 3194 633 3256 Innocentius
661 3211 764 3275 papa,
787 3193 880 3273 hujus
933 3185 983 3248 da.
999 3207 1015 3246 a
1034 3191 1148 3252 textus
1162 3197 1210 3254 est
1222 3193 1254 3253 in
1266 3209 1296 3255 c.
1315 3190 1423 3256 Clerici
1433 3191 1545 3274 officio.
1559 3195 1607 3255 15.
1622 3192 1656 3256 h.
1670 3194 1696 3254 t.

106 3283 249 3346 nominis
276 3285 340 3350 llll.
369 3293 543 3351 commotus
564 3287 677 3364 tuerit,
706 3287 880 3350 ordinarios
934 3279 1018 3359 quod
1038 3288 1085 3345 est
1097 3281 1298 3366 desumptum
1322 3305 1362 3350 ex
1384 3285 1515 3349 concilio
1538 3285 1695 3366 generali,

106 3377 256 3441 locorum
269 3395 326 3460 per
339 3396 413 3442 suos
425 3381 551 3444 nuntim
565 3399 706 3459 monere,
722 3387 757 3444 ut
771 3386 877 3444 contra
934 3391 991 3436 seu
1012 3375 1232 3458 Lateraneuei,
1258 3380 1317 3442 suh
1337 3381 1517 3443 Innocentio
1539 3382 1593 3456 ΙΙΙ,
1615 3378 1699 3442 osle-

106 3471 233 3538 dictum
247 3475 380 3537 ebusum
392 3493 530 3558 congrua
544 3475 876 3548 adlubeantremedia:
915 3466 1033 3534 braio.
1049 3469 1108 3533 Ubi
1127 3473 1284 3552 loquendo
1298 3475 1338 3538 de
1353 3476 1517 3556 episcopis,
1539 3475 1698 3555 subjungi·

105 3575 207 3647 prout
229 3569 366 3652 desuper
385 3570 418 3632 in
440 3571 551 3634 litteris
572 3571 612 3636 ab
626 3571 835 3633 lllustriasimo
848 3574 880 3631 ct
932 3566 1002 3626 tur:
1032 3585 1047 3624 ι
1069 3564 1233 3630 Pontifices
1255 3575 1361 3631 sutem
1384 3571 1417 3630 in
1438 3567 1582 3650 publico,
1609 3575 1643 3630 ct
1665 3568 1698 3629 iu

106 3659 384 3724 Reverendissimo
393 3663 508 3726 Nuntio
517 3665 688 3746 apostolico
696 3663 876 3742 Viennensi,
932 3657 1082 3735 Ecclesia,
1098 3661 1700 3742 superindumentuliueisomnesutan·

103 3755 168 3817 sub
184 3755 238 3818 die
251 3761 282 3820 t.
299 3755 382 3838 Sept.
399 3761 458 3821 An.
475 3761 563 3822 teet.
579 3757 717 3840 requisiti
731 3758 856 3820 luimus.
931 3758 1002 3816 tur:
1017 3753 1078 3815 uisi
1091 3757 1237 3818 monachi
1251 3755 1375 3837 fuerim,
1392 3775 1472 3837 quos
1485 3755 1697 3837 spartariam

152 3849 344 3922 «Quocirca
368 3851 575 3931 adimplentes
602 3853 784 3917 mandatum
810 3871 879 3914 san·
932 3847 1072 3910 habitum
1086 3851 1312 3914 monachalem.
1328 3851 1433 3914 Pulliis
1447 3850 1696 3914 diffibulatisnon

103 3946 170 4006 otte
186 3941 279 4004 Sedis
291 3942 386 4006 Vobis
399 3944 576 4024 abbatibus,
590 3947 773 4028 prepositis,
788 3946 879 4010 deca·
932 3949 1059 4007 utantur
1075 3943 1106 4004 in
1120 3945 1256 4027 publico,
1272 3947 1393 4010 sedvel
1409 3953 1480 4026 post
1500 3943 1625 4023 ochum,
1647 3944 1697 4006 vel

101 4035 169 4112 nis,
202 4034 398 4114 rectoribus,
427 4039 623 4118 guardiams,
652 4040 817 4121 prioribus,
847 4045 879 4102 et
931 4043 1003 4100 ente
1017 4045 1126 4121 pectm
1140 4040 1213 4103 hinc
1227 4041 1299 4103 inde
1319 4041 1478 4104 connexis.
1501 4061 1515 4100 e
1541 4033 1616 4099 Heio
1639 4036 1694 4098 ibi.

100 4128 275 4209 plebanis,
298 4129 481 4211 ceterisque
502 4133 620 4196 clericis
643 4142 706 4197 tam
725 4133 879 4198 ssaculari-
971 4135 1019 4196 96.
1043 4133 1141 4216 Atque
1149 4133 1267 4197 induere
1275 4141 1378 4196 cumn
1388 4129 1696 4196 totorum—Deinde

99 4225 181 4301 bus,
198 4241 295 4304 mam
320 4225 516 4308 regularibus
531 4224 674 4292 dloecesis
688 4238 801 4293 nostra
815 4230 879 4293 Fri-
931 4226 964 4288 in
977 4226 1107 4289 concilio
1121 4228 1242 4292 Martini
1256 4245 1358 4309 papa,
1378 4227 1463 4309 quod
1478 4225 1611 4289 retertur
1623 4241 1693 4289 oen.

99 4317 269 4399 singensis
292 4319 509 4400 precipimus,
525 4327 556 4386 st
576 4321 761 4384 mandamus
775 4323 807 4382 in
820 4323 878 4384 vir·
930 4321 1050 4402 penult.
1065 4321 1137 4386 dist.
1159 4325 1209 4386 23.
1228 4323 1381 4405 jubentur
1400 4321 1502 4385 clerici
1524 4319 1697 4382 secundnm
1723 4365 1724 4370 1

98 4417 177 4474 tute
191 4413 309 4474 amate
323 4411 609 4495 obedientiaque
623 4421 737 4477 sancte
752 4415 835 4492 Sadi,
847 4419 879 4478 et
932 4417 1038 4478 Aaron
1052 4417 1181 4478 talarem
1203 4424 1321 4480 vestem
1344 4414 1502 4489 inducere,
1527 4421 1561 4476 ut
1581 4413 1643 4474 sint
1664 4412 1697 4473 in

98 4505 211 4570 Nobis
227 4505 364 4570 adstricti
389 4507 530 4589 existitis,
545 4527 586 4571 ns
604 4508 636 4571 in
650 4513 811 4590 postemm
825 4509 879 4572 ali-
933 4508 1043 4572 babitu
1056 4513 1176 4572 ornato.
1191 4510 1280 4583 Quod
1298 4510 1399 4590 ipsum
1421 4512 1529 4588 postea
1549 4505 1698 4587 praecepit

99 4601 188 4682 quis
200 4599 348 4662 Vestrum
366 4607 546 4682 praesumat,
568 4621 641 4666 eum
659 4621 749 4666 coms
772 4603 880 4666 fictitia
933 4603 1035 4667 Sixtus
1049 4603 1085 4666 V.
1102 4604 1134 4666 in
1149 4621 1204 4666 sua
1219 4601 1437 4667 constitutione
1455 4603 1505 4664 se.
1528 4617 1598 4681 quta
1619 4599 1697 4661 inci·

98 4693 187 4775 (snb
210 4709 398 4775 quacunque
417 4695 512 4760 etiam
532 4695 669 4772 licentia,
683 4697 743 4759 nisi
756 4701 881 4778 aposto·
932 4699 989 4780 pit,
1024 4697 1100 4762 Cam
1129 4705 1378 4777 reuocandam
1415 4696 1473 4759 sub
1509 4692 1698 4776 gravissimis

95 4790 174 4852 lica
187 4787 240 4868 sit)
261 4788 453 4852 Sacrificium
474 4793 541 4852 Deo
562 4791 692 4868 offerre,
717 4798 749 4855 et
771 4791 880 4854 Missae
933 4793 1036 4873 poenis
1048 4795 1197 4868 statuens,
1217 4795 1253 4854 ut
1271 4790 1374 4853 clerici
1392 4788 1580 4852 heneficium
1597 4786 1699 4849 eccle·

94 4883 233 4963 legere,
247 4883 299 4944 rel
318 4881 411 4944 alicui
426 4881 651 4964 (cujuscunque
675 4883 769 4948 etiem
783 4882 881 4965 digni·
934 4886 1104 4964 siastioum,
1118 4904 1174 4948 ssu
1192 4884 1374 4965 pensionem
1393 4883 1556 4958 babentes,
1582 4902 1599 4942 c
1617 4883 1697 4942 Ton-

96 4974 186 5040 tatis
208 4972 332 5056 existat)
350 4974 383 5036 in
405 4976 516 5040 rcsuis
538 4979 675 5041 ecclesiis
696 4977 879 5059 concedere,
935 4999 1041 5044 saram
1055 4983 1087 5044 et
1100 4980 1242 5044 habitum
1254 4979 1439 5055 clericalem,
1459 4983 1562 5041 vestes
1582 4973 1700 5037 scilicet

95 5068 285 5152 quominus
298 5069 445 5132 noveritis
468 5071 622 5134 actualem
646 5073 881 5152 suspensionem
935 5075 1049 5142 ulares
1072 5072 1232 5136 deferant:
1262 5096 1278 5134 c
1308 5075 1346 5136 ut
1366 5072 1435 5154 jam
1462 5071 1579 5134 dictum
1592 5081 1699 5148 snpra

97 5165 151 5228 ab
185 5161 297 5238 officio,
326 5169 358 5226 et
383 5163 536 5228 beneficio
562 5165 751 5231 incursuros.
770 5168 883 5230 Datum
937 5190 969 5234 n.
985 5173 1035 5232 et.
1052 5171 1083 5231 ct
1096 5184 1183 5246 seqq.
1247 5215 1248 5220 ,
1598 5203 1601 5210 ·

96 5255 282 5338 Frisiugae,
293 5255 344 5318 die
360 5259 407 5320 l8.
422 5258 609 5338 septembris
623 5261 711 5323 lbtt.
976 5267 1037 5328 etr
1051 5259 1128 5338 Quid
1140 5258 1324 5341 intelligetur
1335 5277 1390 5342 per
1402 5265 1506 5321 vectem
1520 5253 1701 5319 tolerem.-

364 5353 523 5417 atosrums
540 5353 735 5418 assuminus
754 5353 884 5432 Zmum,
939 5358 1035 5419 Porro
1049 5373 1105 5436 per
1120 5352 1254 5416 Tutorem
1267 5360 1370 5416 ceum
1380 5352 1415 5413 iu
1432 5347 1703 5431 rigorsintelligi-

155 5443 208 5528 (L.
226 5443 274 5524 S.)
322 5443 357 5508 h.
370 5445 407 5508 B.
420 5445 734 5510 coadminietratorin
748 5447 887 5528 spiritua·
939 5449 1068 5526 turilla,
1084 5467 1154 5530 que
1174 5448 1322 5528 pertingit
1340 5460 1440 5526 usque
1459 5443 1501 5505 ed
1521 5443 1618 5518 talos3
1641 5443 1704 5505 sio·

325 5536 416 5618 libus,
432 5543 493 5606 etc.
505 5541 643 5608 Victrice
655 5542 844 5628 generalius
940 5561 1004 5627 que
1017 5543 1177 5607 hominem
1191 5559 1290 5622 usque
1304 5539 1345 5604 ed
1357 5540 1490 5622 punam
1510 5548 1631 5622 partem
1652 5553 1706 5618 pe-

345 5659 379 5708 us
1454 5648 1494 5709 tt
