4026 6054
288 272 375 352 §aa
395 273 446 334 na
467 272 693 337 aasmuuru
713 273 991 350 5155555555,
1012 273 1259 344 5515555555,
1280 249 1524 338 noeumane.
1640 271 1697 334 aaa

113 395 198 484 tium,
218 424 275 486 per
293 407 371 468 duos
392 423 517 468 menses
540 407 672 471 abluerit
693 409 732 470 dc
754 407 879 470 licentia
928 407 981 486 jus
1007 407 1085 470 iidca
1112 414 1143 469 et
1174 406 1324 470 industria
1355 406 1526 487 personalis
1560 405 1599 467 de
1627 405 1698 486 jure

113 499 300 576 superioris,
317 505 350 560 51
359 499 457 578 liquet
467 517 505 560 ex
514 500 572 560 illis
581 499 684 562 verbis
694 499 777 561 citati
786 516 877 562 cauo-
931 501 1108 580 requiritur,
1124 519 1161 563 ac
1184 500 1355 580 praesertim
1377 500 1409 561 iu
1431 499 1698 563 administratione

111 591 178 652 uis:
204 591 358 652 «assent
376 608 512 671 namque
534 591 724 668 adeodatus,
745 611 764 653 5
784 593 879 662 0515-
931 597 1198 657 sacramentorum
1225 593 1411 654 infirmitatis
1439 597 1580 672 tempore
1609 607 1699 670 paro-

111 686 193 746 tiano
220 684 325 760 155155,
355 693 387 748 51
409 687 593 768 coepiscopo
616 691 736 763 nostro,
758 687 877 748 151555
931 685 1593 766 51155155555555515551,551555551511

111 797 164 840 suu
179 797 236 859 pro
251 779 438 859 quibusdam
452 798 486 842 se
500 783 563 843 auis
583 781 761 843 ordinandis
780 798 879 861 nago—
970 784 1020 842 73.
1043 781 1092 843 hd
1107 781 1250 843 ultimum
1261 787 1347 862 patet
1369 798 1408 840 ax
1430 777 1534 840 verbis
1557 775 1700 856 ejusdem

110 873 157 934 tiis
170 874 388 951 relaxatum»
406 881 465 936 etc.
490 876 548 938 Ubi
571 875 810 956 ponderandum
832 874 876 954 ly,
932 873 1052 934 concilii
1079 873 1130 936 cit.
1159 893 1191 933 n.
1219 876 1269 934 57.
1298 871 1425 946 relatis,
1460 871 1544 950 quod
1569 866 1700 950 parochi

109 967 272 1028 5515551155
283 987 295 1030 .·
310 969 415 1047 sicque
432 987 534 1030 canon
547 967 598 1030 ille
608 969 711 1048 potius
721 973 877 1048 urgetpro
932 966 1163 1047 aequiparentur
1199 965 1352 1046 episcopis
1386 985 1399 1024 a
1427 965 1531 1044 quoad
1558 963 1698 1042 culpam,

111 1061 319 1138 conclusione,
336 1067 443 1122 51555
458 1067 565 1124 contra
579 1079 660 1124 eam.
676 1062 771 1124 Prout
785 1059 878 1124 etiam
932 1061 1131 1122 amissionem
1144 1061 1312 1135 fructuum,
1329 1062 1361 1121 et
1372 1075 1494 1138 poeuas,
1508 1080 1524 1116 u
1547 1055 1606 1118 uisi
1627 1053 1702 1116 rasi·

111 1153 230 1214 5515511
243 1153 351 1216 1115555
365 1154 418 1216 fun.
434 1155 486 1218 cit.
503 1173 572 1217 can.
589 1154 628 1243 Si
644 1157 708 1237 quis
728 1155 760 1215 r'u
779 1153 876 1218 Claro.
933 1155 1052 1216 derint:
1069 1174 1133 1216 nou
1147 1173 1220 1217 vero
1235 1155 1338 1234 quoad
1352 1157 1476 1234 tempus
1490 1150 1580 1212 licitoe
1592 1149 1702 1210 absen-

112 1251 138 1306 7.
155 1264 187 1325 q.
207 1249 236 1308 l.
252 1265 407 1324 55555555,
422 1248 506 1310 idem
520 1267 590 1311 esse
600 1249 632 1310 in
643 1249 878 1328 utroquerclato
934 1250 995 1312 1155.
1011 1253 1111 1329 Atque
1126 1249 1208 1310 ishad
1229 1248 1384 1330 posterius
1402 1245 1608 1310 verisimiliter
1630 1261 1702 1306 cou-

112 1358 245 1415 canoue,
260 1343 387 1420 quaudo
401 1343 566 1424 presbyter
585 1343 674 1406 abest
693 1344 732 1406 de
754 1342 878 1404 licentia
934 1342 1003 1423 tigit
1044 1363 1082 1406 ax
1124 1338 1195 1406 eo':
1241 1344 1314 1423 quia
1347 1347 1460 1422 5555155
1492 1334 1702 1404 diversitatem

112 1434 292 1512 superioris.
934 1435 1112 1516 dignitatis,
1138 1455 1194 1498 seu
1221 1439 1319 1498 status
1347 1453 1572 1516 personarum,
1601 1445 1703 1494 sacro·

151 1531 202 1591 71.
227 1531 276 1590 Ad
302 1530 445 1607 alterum,
475 1549 588 1612 nempe
611 1529 651 1595 ad
672 1529 881 1610 majoritatem
935 1529 1042 1591 sancta
1065 1531 1202 1609 synodus
1222 1529 1401 1592 Tridentino
1422 1529 1587 1610 cognorit,
1613 1526 1703 1606 plura

112 1622 242 1684 rationis
255 1623 296 1684 de
314 1624 470 1704 episcopo,
494 1634 626 1705 negatur
645 1623 878 1704 consequentia.
936 1625 1041 1687 ovium
1056 1623 1291 1686 commissarum
1304 1623 1430 1698 damna,
1447 1623 1496 1684 val
1513 1621 1652 1702 pericula
1667 1635 1705 1678 ex

113 1714 270 1796 Quidquid
284 1717 377 1778 etiam
391 1717 431 1778 sit
444 1716 484 1778 de
499 1717 707 1796 antecedenti,
723 1733 780 1778 seu
797 1713 882 1796 quod
936 1717 1080 1780 absentia
1101 1716 1228 1796 parochi
1253 1717 1324 1778 oriri
1347 1733 1450 1798 posse,
1479 1714 1636 1796 precipue
1664 1711 1705 1771 nb

115 1809 281 1888 episcopos
303 1810 404 1890 magis
431 1811 567 1873 residere
593 1815 757 1888 teneatur,
786 1825 881 1890 qaam
937 1812 1094 1876 detectum
1119 1812 1264 1892 legitime
1295 1809 1570 1872 administrationis
1602 1822 1708 1868 sacra-

112 1903 270 1982 parochus
284 1904 370 1982 (uum
382 1904 540 1986 loquendo
561 1905 600 1967 de
621 1903 790 1966 residentia
812 1919 884 1984 per·
935 1912 1124 1982 mentorum,
1141 1924 1236 1985 quam
1251 1923 1289 1966 cx
1301 1903 1458 1986 personali
1472 1901 1612 1966 absentia
1627 1901 1707 1982 5515-

114 1996 227 2070 555511,
242 2014 279 2058 ac
294 2003 432 2078 spectatio
443 2001 514 2079 jure
529 1998 699 2072 communi,
713 2003 770 2058 tot.
785 1993 885 2068 liade
938 2000 1007 2080 copi
1017 2001 1110 2080 idque
1125 2000 1166 2062 ob
1179 2001 1315 2062 rationes
1327 1999 1467 2080 proxime
1482 1997 1591 2060 dictas.

115 2090 225 2172 Officio
244 2091 361 2168 Viturii,
378 2095 542 2174 episcopus
557 2100 685 2175 propter
697 2091 813 2166 molem
828 2106 884 2150 uc·
978 2096 1028 2155 71.
1050 2093 1102 2156 Ad
1117 2093 1277 2156 absentium
1289 2093 1411 2176 parochi
1426 2091 1629 2175 partiemur
1650 2108 1708 2152 555

115 2185 274 2262 gotiorum
286 2191 400 2265 potest,
416 2204 453 2247 ac
467 2187 621 2248 ordinarie
637 2183 885 2248 tenaturhabere
940 2188 1052 2272 suspicit
1066 2189 1181 2252 11555115
1191 2191 1300 2272 petite,
1316 2187 1374 2248 uisi
1386 2187 1472 2262 etium
1481 2185 1574 2268 [55511
1582 2183 1705 2263 5115515,

115 2277 269 2338 vicarium
290 2281 491 2358 generalem,
515 2299 571 2361 per
594 2298 688 2360 quem
710 2279 808 2360 possit
829 2295 885 2338 sua
940 2291 967 2346 51
982 2284 1142 2364 inscriptis
1156 2283 1238 2347 data,
1252 2316 1293 2332 -
1306 2284 1399 2363 11555.
1419 2283 1455 2344 11.
1480 2281 1567 2344 Adeo
1590 2279 1631 2341 ad
1652 2279 1708 2340 ab

115 2373 539 2456 negotiamelinscxpedire;
557 2392 620 2435 non
634 2375 709 2436 item
717 2372 886 2456 parochus)
941 2381 1074 2440 seutiam
1088 2379 1227 2458 parochi,
1244 2396 1300 2440 seu
1312 2377 1440 2440 alterius
1462 2376 1560 2437 curati
1582 2392 1639 2454 per
1662 2371 1710 2434 bi·

114 2474 203 2546 patet
218 2486 256 2529 ex
270 2468 358 2530 dictis
371 2487 467 2550 supra
480 2487 511 2532 u.
529 2471 579 2531 lo.
595 2475 626 2531 et
640 2485 728 2547 seqq.
745 2469 884 2530 51557.
940 2475 1067 2546 mestre,
1083 2472 1251 2551 requiritur
1273 2471 1399 2534 licentia
1419 2469 1567 2550 episcopi,
1594 2471 1627 2530 ut
1646 2481 1710 2527 uon

115 2567 147 2624 et
175 2565 228 2626 58.
258 2561 344 2642 qood
370 2580 434 2624 non
456 2565 557 2625 solum
580 2564 755 2643 episcopus,
778 2577 887 2621 verum
942 2565 1086 2641 55115151,
1103 2566 1184 2626 hauc
1198 2583 1237 2627 ex
1250 2563 1426 2627 rationabili
1439 2582 1534 2626 causa
1547 2563 1642 2624 luisse
1656 2579 1713 2641 pc·
1781 2627 1786 2634 ,

114 2656 213 2716 ctiam
233 2657 399 2737 parochus,
425 2656 566 2736 aliusque
589 2663 726 2730 curatus,
747 2655 819 2732 jure
841 2651 889 2712 di·
941 2660 1048 2734 titam;
1073 2659 1134 2721 nisi
1158 2658 1252 2721 etiam
1274 2657 1369 2720 fuerit
1396 2657 1537 2734 obtenta,
1563 2663 1656 2736 atque
1680 2655 1712 2716 iu

113 2749 189 2812 vino
205 2759 236 2812 51
249 2749 393 2828 naturali,
409 2753 502 2829 atque
516 2751 546 2811 vi
560 2749 607 2810 sui
622 2748 713 2810 officii
726 2745 888 2827 pastoralis
942 2753 1064 2833 scriptis
1078 2752 1161 2816 data.
1177 2752 1381 2814 1155115555.
1398 2751 1546 2813 Relatum.
1567 2770 1601 2812 n.
1624 2753 1655 2812 5.
1680 2753 1714 2810 51

113 2844 285 2906 5151515155
299 2844 349 2920 511,
365 2844 480 2905 151555
494 2842 639 2905 beneficii
656 2843 804 2904 residere.
829 2843 889 2902 hc-
942 2848 1110 2927 Faguauus
1123 2845 1200 2909 ibid.
1217 2865 1248 2908 u.
1266 2849 1314 2908 11.
1332 2852 1363 2908 51
1378 2847 1426 2909 13.
1438 2846 1470 2907 h.
1483 2852 1505 2908 1.
1518 2844 1713 2925 subjungens

112 2940 213 3016 cedit,
238 2939 323 3018 qood
345 2938 510 3000 concilium
532 2938 761 3011 Tridentium,
786 2935 889 2996 decla·
942 2945 1061 3019 155555,
1086 2941 1169 3020 quod
1192 2939 1351 3003 51515555
1374 2939 1543 3020 postulanti
1565 2939 1713 3022 praelatus

112 3051 191 3095 raus
217 3033 439 3112 obligationem
455 3035 536 3113 juris
556 3034 651 3096 diuini
673 3036 705 3094 51
725 3031 887 3102 naturalis,
942 3044 1088 3099 renueret
1114 3036 1272 3099 licentiam
1299 3035 1461 3116 impertiri,
1485 3035 1583 3116 possit
1603 3033 1713 3096 haberi

112 3127 277 3208 episcopis
313 3145 457 3206 expresse
494 3127 681 3191 concesserit
716 3127 889 3188 absentiam
942 3149 1088 3195 recursus
1118 3133 1159 3192 ad
1185 3130 1377 3210 superiorem
1404 3129 1487 3191 illius
1513 3129 1652 3210 praelati:
1682 3132 1715 3190 et

112 3221 266 3296 duorum,
283 3221 331 3284 rel
345 3221 440 3282 trium
455 3221 621 3298 mensium,
632 3221 771 3302 paranni
780 3221 889 3284 decur-
943 3229 1130 3291 subsistente
1143 3225 1319 3290 rationabili
1333 3243 1439 3303 causa,
1455 3226 1552 3304 possit
1565 3223 1649 3285 idem
1663 3241 1714 3284 su·

110 3332 222 3376 sum:
251 3333 315 3378 uon
342 3315 418 3377 item
446 3317 560 3392 curatis
588 3316 796 3378 interioribus.
820 3316 889 3378 lstis
944 3323 1048 3404 perior
1069 3323 1255 3403 compellere
1278 3319 1444 3401 praelatum
1471 3318 1649 3382 interiorem
1672 3319 1714 3380 ad

111 3412 205 3468 enim
217 3408 423 3486 percolatum
436 3427 468 3472 5.
488 3413 538 3473 57.
563 3415 693 3487 mutum,
719 3411 812 3474 etiam
834 3411 890 3472 ab·
944 3435 1014 3478 eam
1028 3416 1184 3479 licentiam
1202 3414 1456 3488 concedendam
1480 3419 1573 3493 prout
1592 3413 1715 3475 censuit

108 3504 255 3565 55511551
268 3519 324 3581 555
338 3502 486 3567 bimestre
501 3505 679 3586 denegavit,
691 3521 754 3564 nou
765 3503 889 3568 obtenta
944 3528 1033 3572 sacra
1057 3510 1258 3590 congregatio
1283 3508 1416 3572 concilii.
1438 3507 1473 3570 ld
1495 3507 1599 3588 ipsum
1620 3507 1715 3568 tradit

107 3599 209 3676 justis
231 3616 270 3660 ex
289 3596 393 3660 causis
410 3598 536 3660 licentia
554 3599 739 3677 Superioris,
766 3605 796 3657 et
819 3597 890 3658 sub·
944 3605 1135 3666 (1555155511.
1151 3609 1232 3684 part.
1249 3604 1298 3664 lll.
1314 3620 1382 3681 cap.
1399 3617 1433 3662 5.
1449 3618 1482 3662 5.
1502 3601 1552 3663 37.
1572 3607 1603 3662 51
1624 3617 1712 3680 seqq.

107 3691 228 3754 stitoto
241 3691 355 3754 idoneo
370 3691 495 3771 vicario,
511 3710 568 3774 per
583 3692 763 3773 episcopum
778 3709 891 3772 apprc·
944 3699 1084 3780 allegans
1111 3698 1355 3759 declarationem
1378 3711 1477 3757 sacrm
1500 3695 1714 3777 congregatio·

105 3785 234 3848 bando.
943 3794 1012 3854 uis:
1029 3797 1062 3854 ot
1075 3793 1214 3854 Barbosa
1226 3792 1278 3854 511.
1294 3791 1419 3871 allegat.
1435 3791 1486 3851 53.
1502 3807 1534 3850 5.
1550 3793 1600 3851 95.
1616 3792 1666 3852 so.
1683 3795 1715 3850 et

150 3885 208 3943 71.
232 3881 891 3965 155555535155515555111555751155·
945 3903 1032 3967 seqq.
1057 3891 1090 3949 et
1112 3885 1175 3948 alii.
1198 3885 1287 3947 Ratio
1307 3883 1514 3948 conclusionis
1540 3883 1714 3946 desumitur

105 3969 221 4037 tinum
235 3977 285 4038 cit.
301 3995 378 4038 sess.
394 3980 444 4040 23.
461 3996 529 4059 cap.
547 3996 569 4040 r.
585 3979 603 4057 §
620 3979 762 4054 05551555
779 3987 887 4042 colcu.
944 4001 984 4045 ex
995 3979 1712 4060 5551155555111175151551.5115555.135555.

101 4069 142 4132 de
175 4069 314 4148 Reform,
344 4071 518 4135 absentiam
547 4072 691 4148 duorum,
720 4073 770 4136 vel
799 4073 893 4134 trium
944 4075 981 4138 de
1001 4077 1132 4158 Reform.
1157 4075 1219 4138 ibi:
1250 4099 1266 4136 u
1286 4072 1471 4136 Discedendi
1494 4077 1599 4134 antem
1617 4072 1715 4134 licen-

103 4164 289 4240 meusium,
322 4172 445 4244 reputat
475 4165 641 4228 modicam.
670 4167 763 4248 Resp.
794 4166 888 4242 enim,
945 4170 1068 4233 1155515
1090 4170 1222 4250 scriptis,
1247 4168 1406 4250 gratisque
1428 4165 1673 4227 concedendam.
1694 4187 1709 4224 5

104 4259 203 4320 hanc
228 4257 354 4336 quidem
371 4261 508 4342 reputari
526 4261 643 4323 ibidem
656 4261 811 4324 modicam
825 4278 892 4321 res·
945 4273 1018 4344 515,
1034 4283 1071 4328 55
1084 4264 1216 4345 proinde
1229 4279 1292 4324 non
1317 4258 1440 4334 sullicit,
1457 4256 1614 4320 licentiam
1627 4255 1714 4318 illam

103 4357 217 4430 pecto
245 4351 401 4432 episcopi;
431 4371 494 4415 nou
509 4357 615 4416 autem
634 4361 778 4434 respectu
800 4371 891 4434 paro-
945 4360 1096 4423 duntaxat
1110 4359 1192 4442 peti;
1210 4357 1265 4418 scd
1288 4360 1411 4435 oportet
1433 4367 1503 4412 eam
1525 4350 1620 4414 etiam
1642 4367 1714 4413 con-

103 4445 182 4516 ehi,
202 4450 240 4507 ut
252 4445 336 4508 clare
350 4454 435 4527 petet
448 4465 487 4510 ex
501 4449 553 4512 cit.
574 4466 643 4529 cap.
665 4466 687 4510 1.
707 4449 725 4528 ς
747 4447 892 4512 Eomdcm
946 4453 1025 4532 cedi,
1042 4452 1215 4532 etquidem
1227 4453 1261 4513 in
1274 4449 1406 4529 scriptis.

101 4539 250 4601 5555155.
272 4540 431 4621 Siquidem
451 4561 508 4624 pro
530 4543 708 4612 diversitate
729 4547 839 4620 status,
861 4549 893 4606 ct
986 4552 1037 4610 75.
1059 4547 1127 4610 Nisi
1149 4553 1284 4608 occurrat
1310 4561 1395 4604 causo
1413 4540 1511 4623 555515
1533 4539 1626 4602 subito
1648 4537 1714 4599 obs·

102 4633 313 4696 conditionis
339 4653 558 4716 personarum,
584 4639 749 4719 temperari
769 4640 892 4721 regulas
947 4637 1529 4721 515511,5555555511155555;5
1552 4633 1625 4724 quid
1649 4641 1717 4694 tuac

100 4743 285 4789 sacrorum
307 4745 474 4808 canonum,
499 4735 600 4794 textus
628 4735 676 4794 est
702 4733 735 4793 iu
761 4750 830 4794 can.
861 4734 890 4792 l.
949 4727 1663 4816 555515518515515511151551155155155555,
1678 4724 1719 4786 cd

99 4821 194 4884 dist.
211 4823 261 4884 aa.
278 4821 399 4892 Quanta
411 4831 517 4887 autem
531 4825 570 4886 511
584 4825 744 4888 diversitas
762 4823 895 4904 dignita·
949 4827 982 4889 id
995 4846 1051 4888 555
1064 4825 1188 4906 sufficit.
1203 4857 1244 4872 -·
1255 4823 1419 4887 Limitatur
1432 4827 1538 4886 tamen
1552 4821 1627 4884 data
1645 4837 1718 4880 cou-

101 4915 167 4990 lis,
189 4921 292 4978 status
305 4934 362 4980 acu
375 4917 562 4980 conditionis
574 4919 801 5000 episcoporum,
812 4919 895 4980 mole
950 4920 1059 4997 clusio,
1074 4918 1134 4980 uisi
1149 4923 1290 4980 occurrat
1303 4935 1398 4980 causa
1420 4917 1534 4998 gravis,
1557 4921 1588 4976 et
1608 4927 1718 4975 ueces—

101 5005 325 5085 negotiorum
339 5009 545 5091 spiritualium
559 5013 652 5076 totius
671 5013 813 5075 dioecesis
828 5032 897 5094 gra·
951 5016 1032 5076 saria
1046 5013 1148 5076 subito
1162 5012 1363 5088 abscedendi,
1382 5027 1452 5091 qnae
1473 5014 1594 5072 1551551
1614 5003 1719 5068 celeri·

103 5103 679 5186 55155555,51555115155515551555
695 5106 896 5184 concedente,
951 5112 1059 5182 talem,
1075 5106 1214 5186 requirit,
1231 5111 1265 5180 ut
1281 5122 1346 5166 nou
1370 5104 1505 5191 patiatur
1525 5099 1718 5173 dilationem,

104 5190 316 5254 habentium
342 5197 503 5274 proprium
529 5199 680 5262 vicarium
707 5201 896 5280 generalem,
952 5200 1062 5263 551511
1075 5200 1251 5282 periculum
1264 5201 1296 5260 iu
1310 5217 1398 5286 mora
1411 5192 1538 5276 petendi
1551 5193 1720 5254 licentiam.

102 5301 182 5364 per
201 5298 296 5360 quem
307 5283 423 5361 junctis
440 5289 509 5352 aliis
532 5291 713 5353 consiliariis
735 5292 767 5352 iu
790 5310 900 5370 corpo-
952 5298 1039 5358 Tnuc
1060 5295 1145 5358 enim
1167 5300 1305 5372 curatus,
1329 5293 1436 5356 relicto
1457 5290 1569 5352 idoneo
1592 5285 1721 5363 vicario,

105 5376 187 5440 rali
216 5375 357 5442 51555115
376 5399 434 5444 555
452 5392 584 5466 possunt
605 5386 710 5448 omnia
723 5387 900 5472 necessaria
954 5391 1066 5471 poterit
1083 5389 1244 5453 discedere
1263 5387 1383 5468 absque
1402 5383 1574 5468 prehabito
1599 5380 1723 5444 licentia

105 5471 303 5536 commode
317 5475 473 5552 expediri:
490 5485 522 5542 51
543 5479 623 5544 inter
643 5482 824 5561 parochom,
850 5501 902 5545 cu·
955 5483 1119 5556 ordinarii:
1136 5501 1211 5546 uam
1223 5486 1395 5546 necessitas
1416 5498 1479 5542 non
1496 5477 1593 5541 habet
1609 5478 1724 5558 legem,

355 5592 390 5638 ln
1474 5589 1515 5650 18
