4028 6068
445 312 520 391 sn.
543 262 1317 374 nnrauronuoeronsnormacarianos.
1616 307 1675 368 aas

108 442 250 521 judicandi
261 444 391 508 habuit:
407 461 506 514 secus,
514 443 699 507 sisententia
708 444 769 506 lata
782 443 857 506 iuis-
911 443 999 504 sione
1014 462 1020 506 :
1038 447 1112 506 tunc
1131 445 1215 505 enim
1236 443 1401 524 protestari
1423 441 1549 522 qrridem
1569 446 1676 522 posset

110 536 289 614 setajudice
299 537 538 618 incompetente,
548 556 579 600 r.
593 555 622 616 g.
633 538 711 598 laico
722 539 753 598 in
763 555 857 600 causa
910 543 983 599 ante
1006 537 1065 598 iilis
1083 539 1350 616 contestationem,
1373 553 1435 597 non
1457 543 1561 600 tamen
1583 535 1677 598 debo-

108 627 254 705 spirituali.
265 632 341 692 Item
356 631 553 712 exceptiones
572 631 640 692 ade
654 649 688 692 re
702 637 857 694 nansaota
911 635 960 690 ret
974 629 1074 690 audiri
1087 631 1155 710 eJus
1173 630 1325 709 probatio,
1349 632 1391 692 ob
1411 630 1548 692 rationes
1567 645 1599 688 n.
1622 629 1672 688 tt.

107 721 231 801 firmins,
247 745 264 782 n
281 725 346 786 sive
362 726 413 787 nbi
427 726 594 788 transactio
607 724 691 787 bona
703 727 765 788 lide
775 727 858 790 iacta
911 723 1039 799 allatas;
1056 731 1087 786 et
1101 725 1174 804 quia
1188 725 1290 786 omnia
1305 726 1369 786 suis
1391 725 1507 788 debent
1527 721 1690 801 tempori.

106 811 161 883 luit,
174 833 210 877 ao
223 817 340 890 tenuit3
365 821 410 881 ut.
426 818 448 879 l.
467 816 535 880 Tres
548 817 667 897 tratres.
683 818 716 879 ff.
731 817 768 881 de
782 818 858 880 Puc-
911 817 970 879 bus
987 817 1166 894 convenire,
1184 836 1253 881 can.
1280 818 1319 881 Si
1339 817 1481 881 Emissis.
1503 819 1552 894 23,
1578 834 1609 896 q.
1634 817 1672 888 t;

106 905 370 982 lucescusnilossa
383 911 443 972 loc.
459 911 511 973 cit.
523 911 632 989 junctu
651 909 758 972 Glossa
773 929 856 972 mer-
911 911 1159 991 Speculatores.
1175 909 1302 991 §Dicta
1318 931 1351 974 n.
1367 913 1397 974 3.

105 999 182 1078 ginali
196 1001 274 1063 ibid.
289 1004 366 1065 Item
381 1003 595 1083 exceptionem
619 1023 635 1062 ι
656 1004 695 1064 de
716 1022 750 1065 re
770 1003 858 1065 finita
951 1005 1001 1066 50.
1028 1001 1206 1086 Ubicumque
1219 1003 1350 1084 suceptio
1363 1001 1507 1080 concludit
1521 999 1614 1064 actori
1626 998 1677 1080 jus

105 1092 368 1172 monachiliter-3
384 1119 399 1156 n
418 1097 482 1159 sive
496 1115 553 1176 par
566 1095 762 1158 amicabilem
776 1113 859 1159 com·
911 1113 968 1155 non
981 1103 1192 1176 competere·
1202 1095 1295 1158 Tertio
1308 1097 1459 1158 limitatur
1472 1095 1545 1158 data
1554 1091 1677 1154 conclu·

105 1186 279 1264 positionem
306 1191 338 1250 in
365 1189 587 1270 spiritualibus,
613 1189 665 1251 ubi
688 1204 751 1250 non
776 1189 859 1252 cadit
913 1189 969 1262 sio,
984 1187 1173 1268 ubicumque
1188 1189 1327 1269 exceptio
1337 1187 1502 1264 concludit,
1519 1184 1613 1250 amori
1624 1186 1677 1265 jus

104 1279 274 1356 tmnmctim
291 1282 417 1364 sirsper
428 1299 626 1356 consensum,
639 1281 860 1361 autjnramen-
912 1297 974 1342 non
990 1287 1178 1360 competere:
1191 1284 1284 1344 tatem
1294 1283 1378 1345 enim
1392 1282 1608 1363 exceptionem
1622 1295 1679 1358 pe-

105 1377 160 1432 tum
171 1370 350 1436 delatnma
371 1383 459 1455 parta
481 1377 585 1455 parti:
609 1376 682 1456 qnia
698 1375 761 1438 tale
773 1375 859 1455 jnra-
914 1372 1115 1450 romptoriam
1148 1379 1251 1454 potest
1283 1393 1356 1451 reus
1393 1390 1568 1455 proponere
1606 1376 1677 1432 ante

104 1474 234 1529 mentum
250 1469 400 1547 nrtq'orem
413 1467 507 1530 habet
521 1469 749 1544 auctoritatem,
765 1487 860 1550 quam
914 1463 998 1526 litem
1015 1467 1231 1541 contestatam,
1251 1483 1288 1528 ac
1308 1467 1402 1546 hujus
1422 1465 1679 1529 contestationem

106 1577 147 1620 res
156 1559 306 1639 judicata,
321 1561 343 1622 l.
359 1562 396 1622 ll.
414 1561 447 1620 li.
472 1558 508 1622 de
522 1559 714 1642 Jurejurund.
739 1560 858 1623 Glosse.
913 1557 1075 1638 impedire.
1092 1560 1179 1621 Ratio
1194 1565 1252 1636 est,
1269 1562 1342 1640 quia
1356 1561 1381 1622 si
1395 1559 1516 1620 nullum
1527 1558 1580 1638 jus
1594 1573 1680 1617 oom-

107 1653 393 1730 etloan.Andreas,
409 1653 462 1716 ubi
477 1671 581 1734 supra.
915 1653 990 1732 petit
1017 1654 1124 1732 actori,
1150 1671 1224 1734 ergo
1248 1672 1306 1717 nec
1331 1672 1422 1736 egere
1444 1655 1567 1733 potest:
1593 1649 1680 1730 atqui

137 1749 183 1807 tt.
205 1747 246 1808 ut
259 1746 370 1810 merito
382 1755 564 1810 memorem
578 1755 642 1810 tres
662 1747 862 1829 exceptiones
915 1742 982 1805 sine
996 1745 1117 1806 actione
1131 1763 1224 1807 nemo
1237 1751 1341 1826 potest
1354 1744 1488 1826 experiri
1500 1743 1532 1804 in
1548 1741 1679 1823 judicio,

108 1846 226 1917 possunt
250 1841 364 1922 opponi
387 1845 460 1904 ante
487 1841 550 1904 litis
580 1841 861 1914 contestationem,
915 1855 971 1900 seu
985 1839 1149 1901 convenire
1163 1840 1270 1919 adum,
1290 1839 1312 1903 l.
1337 1840 1375 1903 Si
1393 1837 1511 1921 pupilli.
1535 1835 1553 1918 g
1583 1835 1683 1898 Videa-

107 1932 241 2012 hanoque
254 1932 439 2014 impediunt.
454 1936 540 1996 Τιιιιιι
555 1935 629 2014 quia
642 1933 691 1996 hae
707 1932 862 2012 exceptio-
916 1949 989 1993 meu.
1005 1932 1039 1994 ii.
1055 1933 1090 1995 de
1108 1933 1215 2016 lteqol.
1239 1942 1337 2016 pest.;
1359 1933 1464 1996 libbas
1486 1932 1538 1994 cit.
1564 1948 1596 1990 n.
1622 1931 1680 2006 iti,

108 2042 156 2085 nes
168 2031 360 2087 concernunt
373 2025 563 2104 instantem,
580 2043 713 2105 mmqne
731 2025 860 2097 dotauit
916 2024 1008 2086 ioan.
1027 2026 1178 2102 Andreas,
1194 2029 1248 2090 ubi
1268 2047 1373 2109 supra,
1395 2027 1535 2108 allegans
1553 2022 1683 2101 insuper

108 2117 167 2180 alie
181 2137 257 2182 sero
270 2127 462 2182 concernunt
474 2137 541 2182 rem
559 2122 670 2200 ipsam,
690 2119 863 2182 secundum
916 2117 1075 2178 bartolum
1088 2119 1121 2178 in
1134 2118 1156 2181 l.
1174 2119 1248 2182 Cum
1262 2119 1457 2203 querebatur.
1468 2115 1502 2178 u.
1513 2113 1682 2180 inductum

109 2215 189 2276 loen.
208 2214 417 2288 Monachumt
432 2218 499 2276 turn
514 2214 586 2293 quia
601 2214 692 2286 actio,
708 2213 772 2274 sire
787 2211 864 2272 obli·
916 2209 1007 2288 solui;
1017 2217 1048 2274 et
1060 2210 1103 2273 ibi
1117 2213 1327 2277 Alexandrum
1341 2215 1376 2275 in
1387 2210 1524 2296 Apostill.
1533 2228 1546 2288 ,·
1555 2205 1684 2288 Pirhing

109 2305 184 2387 galia
198 2305 297 2370 semel
310 2307 454 2386 extincta,
470 2324 534 2370 non
549 2307 703 2370 reviviscit
716 2305 862 2384 emplius,
916 2303 964 2366 tit.
980 2304 1015 2366 de
1027 2305 1103 2369 Litis
1116 2315 1265 2370 contutct.
1285 2327 1317 2371 n.
1333 2312 1389 2372 2ss

108 2402 127 2460 l.
143 2400 197 2474 (lui
208 2417 264 2462 res.
280 2399 432 2478 §Areum
447 2400 481 2460 ii.
497 2397 531 2462 cle
544 2398 691 2464 Solution.
708 2397 793 2477 atqui
808 2413 865 2476 per
956 2401 1005 2462 or.
1027 2399 1141 2481 Reputo
1155 2409 1207 2467 est.
1222 2401 1301 2484 quod
1310 2410 1375 2486 post
1386 2397 1557 2465 rmtentiam
1570 2391 1686 2476 dispici·

109 2499 290 2556 memoratae
303 2493 500 2573 exceptiones
513 2493 694 2572 intelligitur
707 2491 787 2553 actio
799 2491 864 2551 sive
919 2493 1007 2554 uuum
1029 2493 1120 2555 nulla
1139 2497 1336 2577 acceptiores,
1360 2496 1446 2558 enam
1464 2487 1684 2575 perunplorioes

110 2586 248 2666 obligatio
262 2587 413 2659 extinctu
424 2591 490 2648 tum
504 2586 641 2660 tandem,
653 2583 725 2663 quia
736 2583 808 2663 jura
821 2581 864 2642 ita
918 2586 1027 2666 opponi
1037 2595 1166 2666 pnsum.
1180 2587 1256 2648 Post
1267 2585 1460 2669 diffinitivam
1473 2583 1519 2646 uel
1535 2592 1563 2644 et
1582 2577 1684 2660 mopin-

110 2685 285 2754 slatuerunt,
302 2683 338 2742 ut
350 2681 389 2742 sit
401 2681 472 2741 linis
485 2679 598 2757 litium,
615 2697 674 2740 nec
687 2683 756 2758 post
770 2691 865 2738 unam
918 2677 1054 2760 piendum
1067 2677 1108 2739 ad
1121 2679 1282 2743 remedium
1296 2679 1509 2765 appellationes,
1524 2673 1572 2738 ccl
1587 2674 1629 2736 cd
1639 2692 1688 2736 re-

109 2771 189 2834 litem
200 2773 264 2851 jam
282 2771 401 2834 linitam
422 2771 530 2852 (edam
549 2772 707 2834 mediante
731 2773 866 2832 transac-
919 2770 1045 2834 mediana
1058 2774 1249 2836 restitutionis
1263 2776 1293 2855 in
1309 2777 1464 2856 inteqrum,
1489 2771 1517 2832 si
1536 2769 1685 2850 competi.

71 2889 75 2898 ·
109 2866 186 2928 ione
208 2869 295 2927 extre
318 2865 472 2944 judicium
498 2864 592 2945 facta)
618 2869 763 2928 teneatur
794 2877 866 2940 pare
919 2899 959 2914 -
972 2867 1126 2937 Querilur
1145 2869 1193 2930 ill.
1220 2869 1330 2932 Utrum
1352 2873 1423 2947 post
1445 2867 1540 2928 latam
1563 2871 1688 2926 sentem

109 2959 213 3021 iterum
226 2960 333 3022 subire
347 2979 459 3022 noxam
475 2960 572 3036 diem,
588 2975 765 3040 novumque
785 2955 868 3034 judi·
920 2962 995 3026 tiam
1017 2961 1132 3042 opponi
1153 2963 1272 3042 possint
1298 2961 1443 3042 quaedem
1468 2958 1688 3040 exceptiones!

110 3052 195 3126 ciam,
209 3069 249 3112 ne
262 3051 401 3130 alioquin
420 3052 512 3114 delur
534 3067 699 3132 processus
715 3051 747 3111 in
765 3047 867 3112 intini-
920 3057 1013 3136 ttesp.
1030 3057 1053 3118 Ι.
1075 3055 1193 3137 Regula
1215 3061 1272 3132 est,
1299 3056 1384 3136 quod
1408 3057 1478 3136 post
1501 3051 1687 3114 sententiam

109 3149 180 3204 tum.
195 3143 400 3205 aneharaaus
417 3144 468 3206 cit.
485 3163 517 3208 n.
532 3149 562 3208 2.
578 3143 683 3206 Abbas
702 3159 730 3205 c.
746 3141 866 3222 Eccep·
922 3148 1112 3211 diffinitivam
1120 3148 1432 3229 consumptiones,
1445 3145 1689 3222 etiamperemp·

110 3235 217 3297 ιιαιιιι.
231 3254 264 3298 n.
281 3239 331 3300 te.
347 3235 381 3298 h.
397 3242 420 3299 t.
921 3242 1019 3320 torisa,
1035 3243 1150 3323 opponi
1173 3243 1303 3324 possint.
1325 3243 1371 3305 Ila
1392 3241 1473 3320 jura,
1495 3243 1526 3300 et
1546 3235 1690 3299 doctores

144 3331 193 3392 48.
213 3329 308 3392 Fallit
326 3329 428 3406 edam,
447 3329 566 3412 mondo
588 3329 717 3412 suceptio
735 3345 869 3412 percep-
921 3353 954 3399 n.
970 3339 1021 3396 rt.
1038 3335 1174 3416 allegati,
1185 3354 1257 3398 cum
1267 3333 1435 3397 communi.
1448 3331 1606 3413 Siquidem
1616 3335 1688 3412 post

111 3425 180 3485 toric
192 3425 372 3487 estmorrb.
388 3455 429 3472 -
441 3424 562 3486 Deinde
576 3425 688 3486 eadcm
708 3423 868 3486 conclusio
921 3431 1018 3492 latam
1036 3429 1228 3493 diffinitivam
1249 3429 1435 3491 sonnatium
1455 3427 1505 3488 rel
1524 3426 1565 3488 ed
1584 3441 1687 3487 reme·

109 3517 263 3592 limitetur,
277 3517 419 3598 tollitque
434 3517 560 3598 quando
573 3517 713 3598 exceptio
727 3535 870 3601 peremp·
922 3519 1008 3582 dium
1021 3522 1235 3601 appellationis
1245 3519 1618 3603 estcontugiandum3ral
1629 3517 1690 3578 sal-

111 3615 183 3674 toria
195 3615 298 3676 existit
311 3613 444 3687 notoria,
456 3629 512 3673 seu
522 3612 698 3674 maniiesta.
710 3611 869 3692 Siquidem
922 3619 986 3675 tem
1000 3612 1041 3675 ab
1050 3613 1237 3677 beneficium
1250 3613 1451 3678 restitutionis
1465 3614 1497 3675 in
1520 3613 1687 3692 integrum,

113 3707 278 3768 innotoriis
290 3724 356 3768 non
371 3706 464 3767 debet
474 3704 571 3784 judex
583 3705 660 3786 pati,
682 3709 717 3766 ut
730 3723 823 3768 causa
837 3710 870 3769 in
924 3707 950 3767 si
963 3707 1123 3786 competit,
1138 3712 1213 3770 text.
1239 3709 1312 3769 clar.
1338 3707 1389 3770 cit.
1411 3706 1433 3768 1.
1459 3705 1685 3787 Pcremptorius.

110 3799 253 3878 judicium
266 3799 449 3875 deducatur,
463 3800 551 3878 juxta
563 3804 684 3862 textum
701 3800 870 3862 notabilem
924 3821 953 3865 c.
970 3801 1152 3864 Sententiam
1165 3801 1294 3864 rescindi
1304 3819 1364 3862 non
1376 3817 1468 3883 posse.

109 3891 139 3952 in
151 3911 177 3954 c.
194 3891 347 3968 Quoniam.
364 3893 413 3953 tc.
430 3891 466 3952 cle
478 3889 564 3952 Filiit
578 3890 741 3974 presbyter.
764 3892 869 3956 Abbas
963 3899 1013 3958 52.
1034 3895 1129 3957 Fallit
1141 3894 1210 3957 dala
1224 3895 1325 3976 reputa
1339 3894 1369 3954 in
1382 3891 1607 3975 exceptionibus,
1622 3907 1689 3972 quae

109 3985 157 4046 cit.
171 4003 197 4048 c.
218 3985 444 4066 Exceptionun.
466 4003 498 4048 n.
523 3987 574 4046 ra.
597 3991 629 4047 et
647 3985 772 4046 Fednus
793 3986 868 4048 ibid.
920 3991 1127 4076 principaliter
1140 3991 1299 4074 respiciunt
1312 3989 1504 4053 sacrationem
1517 3986 1689 4050 nuutioe:

110 4095 139 4138 ιι.
155 4081 202 4140 it.
217 4077 250 4142 b.
265 4083 289 4140 t.
304 4079 396 4141 ioan.
413 4077 555 4140 Αιιιιιιιιιι
569 4077 602 4138 in
616 4075 724 4139 Addb.
740 4077 780 4140 ud
793 4077 869 4159 Spe·
925 4085 995 4147 tales
1008 4084 1085 4146 enim
1097 4093 1164 4165 post
1181 4083 1351 4146 seuientem
1372 4081 1481 4164 opponi
1493 4089 1625 4164 memet.
1650 4112 1690 4130 -

111 4171 269 4232 ‘tristiorem-
294 4170 343 4232 iii·
368 4169 403 4232 dt
424 4169 603 4251 Emittit·
626 4169 759 4248 §buu
788 4186 868 4232 veri·
924 4179 1017 4259 Reep.
1037 4181 1073 4242 11.
1097 4177 1188 4242 Fallit
1210 4176 1410 4241 nihilominus
1431 4177 1504 4238 data
1526 4175 1634 4256 regula
1656 4175 1689 4236 in

111 4262 191 4324 Adde
202 4262 321 4346 quodsi
331 4263 572 4346 reur;Pirbing.
588 4261 635 4327 tit.
650 4262 686 4325 de
705 4261 781 4326 Litis
802 4281 869 4324 con·
925 4273 1170 4354 exceptionibus,
1196 4291 1265 4354 que
1286 4270 1498 4354 principaliter
1519 4268 1690 4350 respiciunt

113 4363 203 4420 tutat.
217 4377 249 4420 Π·
264 4361 316 4421 25·
330 4357 470 4438 &filliam
484 4356 572 4420 ⁸¹5⁰&
926 4367 1142 4440 executionem
1157 4366 1336 4430 sententie:
1361 4365 1438 4427 tales
1457 4363 1541 4426 enim
1558 4367 1629 4445 poet
1647 4364 1691 4427 le·

148 4455 195 4514 tt.
218 4451 341 4529 Quando
354 4469 421 4516 reus
434 4451 469 4512 in
477 4449 635 4512 mutunenti
641 4458 740 4533 potest
747 4447 873 4532 probare

111 4546 301 4628 wambanem
313 4545 548 4630 peremptoriam.
563 4575 604 4594 -
618 4547 682 4608 Hoc
695 4546 797 4628 ipsum
818 4561 871 4606 cx·

111 4641 242 4702 unditnr
255 4643 296 4704 ad
310 4659 382 4702 eum
398 4657 517 4714 casum,
539 4657 602 4718 quo
624 4657 698 4702 rens
720 4641 753 4700 in
775 4639 873 4700 conti·

113 4734 195 4796 nenti
208 4735 340 4813 probare
355 4736 459 4813 potest
472 4734 687 4814 exceptionem
697 4735 874 4812 perempto-

113 4825 188 4886 riam
202 4835 288 4908 puta,
312 4847 371 4910 per
389 4825 640 4905 instrumentum,
663 4832 769 4888 contra
790 4823 874 4905 quod

110 4929 195 4982 sator
207 4925 282 4986 nihil
297 4924 440 5003 excipere
455 4925 575 5002 potest:
598 4921 674 5001 quie
685 4920 755 4984 tatis
773 4923 875 4998 potest

110 5015 190 5078 illico
214 5017 358 5098 proponi,
384 5017 477 5080 etiam
500 5019 573 5078 ante
595 5016 657 5078 litis
680 5014 876 5078 contestatio·

113 5125 197 5182 nem,
212 5111 252 5174 ad
264 5110 501 5192 impediendum
515 5110 576 5174 litis
590 5111 760 5191 ingressus,
782 5112 876 5186 etque

114 5210 149 5266 nt
162 5205 221 5268 cito
241 5206 313 5268 finis
333 5205 513 5285 imponatur
535 5203 649 5267 litibus.
672 5202 808 5280 belinus,
830 5203 878 5264 Pi·

116 5299 219 5382 rhing,
233 5301 287 5364 ubi
310 5319 418 5381 supra,
442 5303 474 5364 et
493 5299 555 5362 alii.
580 5301 677 5362 &aas
699 5297 876 5373 dicendum,

119 5395 245 5472 qnando
257 5394 438 5475 hujusmodi
457 5394 648 5475 exceptionis
670 5391 811 5474 probatio
830 5392 879 5453 in-

119 5487 240 5572 digeret
252 5488 364 5571 maiori
378 5489 536 5572 indagine,
552 5489 745 5572 longiorique
760 5487 878 5554 discus-

330 5612 366 5664 lli

925 4470 991 4525 mm
1005 4460 1194 4525 sententiam
1207 4459 1321 4542 opponi
1335 4463 1477 4540 possunt,
1491 4457 1557 4520 sive
1576 4458 1618 4518 ad
1631 4457 1691 4518 im·

926 4555 1112 4639 pudiendam
1126 4555 1220 4635 hujus
1234 4553 1458 4628 executionem,
1475 4553 1538 4616 sive
1548 4550 1690 4613 adislam

927 4649 1158 4713 retardandum.
1199 4649 1252 4710 Ita.
1284 4647 1414 4710 Socious
1451 4648 1484 4708 in
1524 4645 1688 4709 Fallentiis.

927 4761 994 4823 reg.
1012 4743 1081 4804 ibi.
1096 4741 1214 4802 fallent.
1231 4744 1259 4802 i.
1276 4744 1308 4803 et
1328 4757 1429 4820 seqq&
1455 4740 1637 4821 Speculator
1657 4735 1693 4799 de

928 4833 1170 4918 deceptionibus.
1185 4836 1204 4917 ξ
1218 4833 1311 4897 Dicto.
1327 4854 1359 4895 n.
1376 4837 1424 4896 rt.
1442 4841 1473 4896 et
1487 4849 1586 4915 seqq,
1604 4839 1633 4894 et
1643 4831 1690 4892 tit.

928 4932 963 4996 de
975 4932 1158 4994 Eaemtione
1170 4931 1328 4994 sententie.
1344 4929 1536 5011 §Postrema
1553 4947 1585 4990 n.
1606 4930 1636 4990 3.
1660 4930 1693 4989 et

929 5043 1016 5106 seqq.
1032 5027 1137 5108 piures
1157 5027 1234 5088 tales
1257 5043 1348 5089 casas
1366 5041 1564 5087 enumerans.
1589 5019 1693 5082 Abbas

930 5140 958 5184 c.
973 5120 1195 5201 Exceptioneua
1210 5139 1241 5182 n.
1260 5123 1308 5183 tit.
1325 5119 1356 5182 h.
1373 5122 1396 5181 t.
1413 5115 1599 5200 generaliter
1612 5132 1696 5177 asse·

930 5231 1015 5290 rens,
1040 5215 1124 5292 qood
1147 5215 1344 5294 exceptiones
1365 5209 1593 5293 peremptorius,
1619 5226 1695 5270 con·

932 5315 1095 5370 cernentes
1121 5308 1335 5370 executionem
1362 5305 1542 5379 sententie,
1576 5301 1697 5382 possint

933 5399 1058 5482 opponi,
1075 5407 1168 5481 alque
1181 5403 1306 5484 probari
1325 5405 1396 5482 post
1416 5397 1614 5462 sententiam.
1636 5397 1698 5458 ltn-

934 5497 982 5582 gel
1001 5498 1033 5560 h.
1055 5504 1078 5563 t.
1101 5515 1134 5560 n.
1156 5499 1186 5562 5.
1210 5497 1350 5586 Sanning
1370 5493 1440 5558 aad.
1464 5511 1532 5574 cap.
1555 5509 1589 5557 ιι.
1610 5511 1644 5554 n.
1665 5495 1697 5560 c.

1452 5603 1491 5666 ib
