4080 6064
275 187 315 247 ro
432 184 505 248 aru.
526 187 560 248 n.
583 161 793 249 nncuuraa.
815 186 885 249 un.
908 187 971 248 xx.
994 187 1044 248 uu
1063 177 1313 251 uasrrsus‘uu
1333 185 1694 252 amusrsuornsus

276 318 358 387 testes
370 339 408 384 ea
420 317 524 381 auditu
532 317 637 412 alieno.
649 319 852 392 -ouaritur
860 322 909 383 tv.
918 325 1040 400 Utrum,
1095 327 1169 395 tam,
1184 319 1304 383 nullam
1317 319 1412 383 tidem
1431 319 1579 400 iacerent,
1599 319 1673 384 licet
1691 297 1863 384 interveni·

276 423 308 480 et
334 414 463 496 quando
492 411 523 473 in
546 412 728 492 probatione
752 413 1040 495 consanguinitatis,
1095 420 1165 480 rent
1179 435 1286 477 omnes
1300 418 1420 478 caterae
1442 413 1730 494 conditionemque
1751 415 1793 478 ibi
1812 433 1863 478 re·

277 510 326 573 vel
340 508 509 584 affinitatis,
530 505 732 568 admittantur
753 509 848 569 testes
870 506 910 568 de
932 506 1042 571 auditu
1095 513 1278 596 quiruntur:
1296 510 1368 594 quie
1388 509 1414 571 si
1437 505 1485 570 vel
1508 527 1571 571 una
1594 527 1701 571 earum
1722 509 1862 580 deficiat,

277 605 399 667 alienet
412 601 504 679 Resp.
517 602 540 664 Ι.
556 599 809 680 Quiaantiquitus
824 601 1044 682 consanguini-
1095 614 1169 671 tuuc
1194 609 1290 688 testes
1316 603 1433 665 nullam
1459 603 1582 686 penitus
1609 601 1702 665 fldem
1730 601 1860 686 iaciunt.

277 705 336 770 tas,
352 697 384 760 et
397 691 541 769 affinitas,
557 689 710 772 usquead
726 692 893 774 septimum
911 695 1043 774 gradum
1095 701 1274 766 blancardus
1287 697 1324 762 de
1335 697 1458 760 Probat.
1484 697 1581 758 eoncl.
1604 697 1673 758 ΗΟ.
1689 714 1721 758 u.
1736 701 1766 758 7.
1784 704 1815 758 et
1827 699 1860 760 8.

278 789 443 855 dirimebat
462 785 711 859 matrimonium
734 787 886 866 simulque
910 788 951 850 ob
972 789 1043 850 bre·
1096 797 1168 875 post
1189 792 1394 865 Hostiensem,
1416 795 1447 852 et
1469 788 1682 852 Innocentium
1703 790 1737 850 iu
1759 789 1809 852 eit.
1831 807 1861 852 c.

279 885 406 946 vitatem
426 879 661 944 vitaehumanae
683 879 805 942 difficile
827 882 930 947 luerat
952 883 1041 956 scire,
1096 886 1177 952 Licet
1197 905 1234 948 ec
1256 883 1394 968 quadum,
1420 881 1473 944 ubi
1496 887 1525 944 et
1549 883 1685 944 Barbosa
1705 883 1738 944 iu
1761 882 1863 945 collec-

279 975 344 1040 sive
357 974 483 1057 proprio
498 991 588 1036 sensu
605 973 775 1054 percipere,
792 991 952 1055 quousque
973 993 1044 1040 con·
1098 989 1159 1044 tan.
1174 999 1206 1044 n.
1222 985 1253 1044 2.
1270 980 1300 1042 b.
1317 980 1451 1042 tollens
1464 977 1553 1040 alios.

279 1070 473 1152 sanguinitas
487 1085 521 1130 se
536 1066 734 1131 extenderet:
750 1067 823 1131 hine
841 1069 916 1132 olim
935 1087 1044 1131 neces-
1131 1065 1206 1140 ’3η
1220 1075 1283 1138 111,
1296 1073 1340 1137 lit
1352 1069 1735 1156 quiiiemaiamiquioribm
1747 1071 1862 1160 apii,-

280 1165 370 1230 sitete
385 1163 430 1226 sic
444 1163 587 1243 urgente,
598 1161 629 1222 in
642 1162 743 1224 causis
752 1161 1042 1240 matrimonialibus,
1097 1173 1145 1234 iil.
1163 1169 1251 1242 Ouod
1273 1170 1368 1231 testes
1389 1164 1555 1239 audierint,
1579 1181 1635 1226 seu
1662 1186 1678 1222 u
1698 1164 1863 1228 testificata

280 1261 318 1323 uc
345 1257 438 1321 etiam
464 1263 571 1320 contra
598 1257 735 1319 valorem
766 1256 954 1319 matrimonii
982 1257 1045 1336 ism
1098 1263 1261 1328 didicerint
1274 1263 1314 1324 ab
1329 1259 1553 1340 antiquioribus
1567 1253 1673 1320 suis.»
1701 1258 1864 1338 Antiquio-

280 1351 440 1425 ccutracti,
455 1349 675 1414 admittebatur
697 1349 837 1428 probatio
862 1352 1046 1432 consangui·
1098 1357 1183 1419 ribus
1197 1355 1282 1422 euim
1295 1371 1408 1433 magua
1421 1352 1500 1414 fides
1514 1349 1687 1438 adhibetur,
1709 1357 1744 1412 ut
1763 1351 1865 1430 inquit

280 1447 384 1512 uitatis
398 1465 453 1526 per
466 1453 562 1510 testes
585 1463 623 1508 ex
646 1437 754 1508 auditu
776 1445 895 1520 alieno;
919 1452 952 1507 ut
974 1465 1043 1509 cau.
1098 1449 1236 1514 Barbosa
1248 1448 1323 1511 ibid.
1339 1468 1371 1510 n.
1386 1452 1416 1510 l.
1431 1451 1500 1527 post
1514 1445 1722 1526 'litaquellum
1735 1443 1771 1508 de
1789 1446 1864 1508 lure

280 1541 316 1606 de
334 1539 569 1604 pararense.
595 1545 704 1620 quast.
726 1542 756 1602 5.
778 1539 887 1620 juncto
910 1558 938 1603 c.
961 1539 1046 1602 Licet
1094 1545 1347 1630 prinupcniturse,
1362 1543 1394 1604 in
1409 1540 1527 1620 proelat.
1544 1559 1576 1603 n.
1592 1543 1649 1604 tte
1664 1546 1695 1602 et
1713 1557 1800 1618 seqq.

282 1655 319 1700 ex
334 1635 479 1715 quadam.
496 1637 544 1695 tv.
560 1633 578 1714 ἐ
594 1637 621 1695 l.
639 1633 670 1696 h.
686 1637 709 1696 t.
1138 1644 1207 1704 378.
1229 1637 1283 1701 IV.
1295 1637 1357 1700 Nec
1369 1635 1470 1698 aduno
1484 1632 1864 1715 tanmmmedplurilua-

321 1733 390 1794 avt.
413 1727 510 1792 Hodie
525 1737 621 1792 tamen
641 1725 721 1790 istud
738 1727 874 1790 aemilii
884 1736 925 1790 cst
937 1747 1045 1790 correo
1098 1735 1147 1800 lv.
1159 1733 1247 1806 Quod
1262 1730 1415 1793 audierint
1424 1747 1486 1792 nun
1496 1728 1536 1790 ab
1546 1747 1608 1790 uno
1618 1731 1759 1790 tantum:
1776 1727 1861 1808 quia,

282 1831 361 1900 tum;
374 1821 488 1886 eccur?
505 1821 544 1886 Ut
556 1819 591 1884 de
602 1820 682 1902 facto
692 1820 806 1902 possint
817 1819 910 1901 recipi
923 1821 1046 1884 testesde
1100 1825 1178 1889 sicut
1197 1823 1249 1887 ille
1269 1823 1352 1884 solus
1372 1839 1436 1884 nou
1457 1821 1611 1883 sufficeret
1630 1821 1671 1882 ad
1690 1821 1863 1883 taciendam

280 1915 383 1980 auditu
397 1915 490 1980 alieno
502 1935 591 1995 super
603 1914 697 1976 causis
715 1913 985 1995 matrimonialibus,
1000 1935 1047 1978 re·
1098 1921 1223 2000 plenam
1236 1917 1341 1990 fidem,
1353 1913 1472 1977 etiarnsi
1487 1913 1667 1976 descientia
1682 1912 1863 1994 deponerem

281 2010 440 2094 quitantur
461 2007 611 2070 duodecim
633 2005 818 2070 conditiones.
833 2040 875 2055 -
896 2008 974 2080 Ouia
999 2013 1047 2072 ta·
1098 2014 1142 2076 ita
1155 2031 1214 2074 nec
1229 2009 1384 2074 sufficiunt
1398 2007 1503 2088 plures
1518 2014 1612 2070 testes
1626 2007 1666 2070 de
1680 2007 1798 2082 auditu,
1812 2007 1864 2086 qui

281 2101 354 2164 men
368 2100 555 2182 experientia
563 2105 652 2172 teste,
664 2099 775 2160 exinde
789 2098 887 2164 multa
906 2101 1046 2180 pericula
1100 2109 1140 2172 ab
1153 2126 1216 2169 uuo
1237 2107 1302 2168 solo
1326 2104 1502 2182 audieruut,
1528 2119 1583 2164 seu
1606 2102 1720 2181 gradus
1734 2119 1866 2163 consan-

281 2199 388 2258 contra
415 2192 552 2274 legitima
590 2196 799 2272 provenerunt
827 2195 1043 2271 matrimonia;
1100 2194 1864 2286 guinitatisdidicerunt:uepluscredaturcopioe,

281 2293 374 2371 prout
400 2288 577 2352 observavit
598 2287 769 2372 Concilium
792 2289 938 2370 generale
970 2291 1045 2367 (seu
1099 2314 1194 2378 quem
1218 2291 1369 2373 originali,
1393 2289 1587 2370 utloquitur
1608 2288 1700 2352 (iord.
1724 2289 1868 2352 Tusobus

281 2385 498 2460 Lateranense,
515 2381 765 2444 sublnnoceutio
779 2385 827 2458 Ill,
845 2383 1046 2466 celebratum)
1099 2391 1155 2452 litt.
1184 2390 1219 2450 Τ.
1245 2384 1344 2448 concl.
1370 2385 1439 2448 tao.
1461 2399 1493 2443 n.
1518 2385 1567 2444 33.
1584 2381 1674 2446 Unde
1707 2382 1869 2463 subjungit

282 2498 375 2560 aquo
390 2477 581 2540 editumfuit
603 2477 654 2540 cit.
670 2497 699 2542 c.
723 2477 807 2540 Licet
830 2496 869 2540 ex
890 2479 1044 2558 quadam
1099 2481 1215 2546 ibidem
1231 2476 1394 2542 concilium
1414 2476 1586 2558 generale:¹
1618 2473 1727 2538 u'Non
1757 2476 1868 2554 utique

223 2599 226 2606 ·
281 2574 436 2653 simulque
451 2572 542 2634 bodio
557 2570 811 2652 impedimentum
829 2571 1048 2652 consanguini·
1079 2577 1140 2646 ,ab
1153 2592 1227 2651 uuo,
1244 2591 1315 2656 cum
1338 2587 1401 2632 nisu
1424 2571 1580 2633 sufficeret
1601 2567 1664 2646 ille,
1689 2570 1715 2631 si
1729 2570 1866 2646 viveret;

280 2668 352 2732 tatis
372 2683 435 2728 uon
459 2665 592 2746 amplias
614 2667 790 2730 extenditur
811 2667 849 2728 ad
881 2666 1047 2746 septimum
1100 2671 1154 2732 sed
1170 2669 1292 2732 duobus
1314 2663 1353 2727 ad
1376 2663 1490 2726 miuus.
1514 2685 1530 2724 u
1556 2663 1615 2726 Ubi
1637 2663 1744 2726 Glossa
1765 2669 1795 2743 y.
1819 2664 1868 2726 At

281 2761 423 2844 madum,
441 2759 496 2822 sed
510 2760 658 2824 duntaxat
671 2761 712 2823 ad
726 2763 888 2840 quartum
904 2760 976 2823 hinc
994 2779 1048 2822 an·
1100 2783 1167 2842 uno,
1176 2760 1379 2842 ampliusboo
1388 2759 1552 2821 coufirmat
1561 2775 1600 2820 ex
1609 2775 1662 2820 eo:
1675 2758 1748 2838 quia
1757 2775 1868 2820 omnes

281 2857 357 2937 tiqui
379 2873 514 2917 canones
529 2855 631 2934 quoad
645 2853 704 2916 hoc
717 2871 781 2914 uon
794 2853 872 2915 nibil
895 2859 966 2915 suut
979 2871 1048 2916 cor·
1099 2857 1154 2932 illi,
1170 2857 1222 2937 qui
1237 2871 1363 2918 causam
1376 2851 1496 2915 habent
1507 2853 1547 2914 ab
1561 2869 1637 2928 uno,
1651 2869 1707 2932 pre
1721 2869 1784 2913 unu
1799 2853 1868 2914 solo

281 2949 370 3023 recti,
386 2965 445 3010 nec
460 2945 764 3010 valettestimouium
778 2945 818 3008 de
832 2945 939 3032 auditu
961 2945 1049 3009 audi·
1100 2958 1294 3034 reputantur,
1318 2968 1386 3030 arg.
1411 2967 1480 3011 can.
1506 2946 1581 3012 Cito.
1609 2951 1638 3009 t.
1662 2965 1716 3027 qu.
1742 2951 1771 3010 t.
1794 2953 1826 3009 et
1843 2946 1866 3008 l.

281 3049 332 3106 tus
353 3042 395 3105 ad
420 3040 613 3120 probandam
640 3038 960 3120 consanguinitatem,
988 3039 1047 3100 nisi
1101 3046 1159 3112 cui
1169 3046 1289 3128 fundus.
1306 3045 1340 3108 ff,
1356 3043 1394 3106 de
1408 3040 1526 3106 Condit.
1542 3050 1571 3104 et
1583 3041 1772 3105 demonstrat.

283 3131 454 3198 observatis
481 3130 540 3195 illis
566 3130 815 3207 conditionibus,
851 3148 930 3211 quas
961 3130 1048 3210 ponit
1139 3143 1208 3204 379,
1237 3138 1270 3202 V.
1286 3137 1332 3202 li't
1342 3136 1458 3220 qur'dem
1471 3155 1529 3200 non
1543 3133 1701 3216 infamibus
1714 3141 1744 3196 ct
1754 3153 1871 3216 stupec-

282 3225 366 3289 idem
389 3221 559 3286 Concilium
582 3221 727 3301 generale
750 3219 866 3283 ibidem
893 3220 1044 3296 relatum
1101 3235 1150 3308 rig,
1164 3233 1215 3296 ,ed
1226 3231 1405 3316 fidediqnii,
1420 3261 1460 3278 ...
1474 3229 1510 3290 V,
1526 3227 1564 3292 Ut
1578 3234 1673 3291 testes
1687 3227 1730 3290 ilii
1752 3227 1791 3291 dg
1813 3246 1870 3290 au.

282 3311 856 3399 ctiuxlaloass·Andreamsdbbtiems
867 3313 1048 3376 etsvmmt·
1101 3327 1165 3389 dito
1179 3326 1383 3406 deponentes,
1399 3341 1461 3384 nou
1475 3319 1632 3382 audierint
1655 3320 1770 3401 gradus
1792 3337 1871 3382 eou-

282 3407 363 3470 fifflfl
377 3407 409 3468 5¹1
423 3406 454 3469 d·
470 3425 498 3468 ⁰·
514 3408 600 3469 licei
614 3425 653 3468 ⁰¹
665 3406 801 3486 quadam
815 3406 848 3467 h·
863 3412 885 3469 ἲ·
905 3425 942 3468 ⁸⁰
962 3407 1048 3470 Fati·
1100 3419 1316 3500 sanguinitatis
1334 3439 1349 3477 u
1364 3417 1403 3480 ab
1417 3413 1584 3477 infamibus
1594 3419 1624 3476 et
1638 3413 1800 3493 suspectis,
1812 3413 1871 3475 sed
1884 3443 1888 3452 ·

282 3499 408 3562 fficium
421 3497 461 3566 ‘1⁰
474 3497 589 3561 Testib·
607 3504 715 3579 quaessi·
732 3501 781 3561 69·
791 3517 822 3560 ¹¹·
835 3501 903 3562 ¹⁰5·
915 3502 946 3563 ei
958 3516 1044 3580 seqq·
1101 3513 1194 3577 efide
1209 3513 1321 3592 dignis,
1338 3517 1369 3572 et
1382 3508 1466 3572 omni
1482 3507 1661 3586 exceptione
1676 3507 1866 3586 majoribus:

283 3599 355 3654 ⁵¹¹¹st
367 3589 541 3652 ἂῦθῧθθῑῐΰ·
557 3590 646 3655 Unde
660 3611 668 3653 ἓ
1101 3625 1173 3669 oum
1188 3607 1261 3668 setis
1274 3605 1433 3667 videretur
1446 3600 1617 3664 absurdum
1627 3600 1695 3662 illos
1704 3600 1870 3663 admittere

322 3687 391 3748 375.
414 3682 441 3745 I.
462 3681 502 3746 llt
515 3690 597 3745 testes
610 3681 658 3746 illi
669 3683 728 3745 sint
735 3701 868 3766 pesona
880 3703 993 3766 graves.
1008 3717 1048 3733 —
1101 3715 1233 3772 quorum
1247 3697 1470 3775 repellerentur
1482 3695 1645 3756 auctores:
1665 3711 1680 3752 s
1702 3695 1795 3772 prout
1819 3693 1868 3753 lo-

282 3779 376 3858 casp.
393 3777 415 3838 l.
432 3775 535 3838 Prima
562 3777 697 3840 conditio
712 3777 861 3857 requisita
874 3779 913 3840 ad
926 3779 997 3858 boc,
1014 3785 1048 3842 ut
1101 3789 1205 3870 quitur
1218 3789 1381 3850 concilium
1396 3785 1541 3868 generale
1565 3785 1624 3848 loc.
1648 3785 1699 3847 cit.
1723 3785 1802 3846 Nam
1827 3785 1868 3859 is,

282 3869 321 3932 de
336 3875 448 3931 cetero
462 3865 581 3947 possint
594 3867 689 3948 recipi
701 3873 793 3930 testes
804 3868 843 3930 de
852 3869 959 3933 auditu
973 3869 1048 3933 alie·
1101 3881 1154 3962 qui
1166 3882 1284 3945 audivit
1297 3879 1415 3960 aliquid
1429 3879 1468 3942 ab
1482 3877 1554 3954 0110,
1570 3895 1633 3939 nou
1654 3885 1755 3959 potest
1774 3895 1871 3958 supe.

282 3979 324 4024 no
351 3978 445 4041 super
466 3958 568 4021 causis
590 3960 880 4041 matrimonialibus,
906 3971 953 4026 est
976 3965 1044 4039 illa;
1101 3993 1170 4038 raro
1185 3975 1279 4038 fidem
1287 3975 1482 4053 minasque
1493 3969 1619 4047 audivit,
1632 3976 1663 4033 ut
1671 3971 1761 4051 cujus
1770 3971 1868 4033 verba

282 4053 437 4131 videlicet,
452 4051 537 4132 quod
556 4060 652 4116 testes
674 4053 718 4116 ita
739 4052 922 4134 deposituri,
944 4079 958 4116 u
979 4076 1048 4139 per·
1101 4069 1206 4132 refert,

283 4163 368 4208 sona
382 4161 493 4226 graves
507 4145 651 4223 existant,
668 4145 780 4226 quibus
794 4145 872 4209 fides
886 4149 925 4211 sit
938 4151 1047 4213 merito
1141 4163 1209 4224 380,
1238 4159 1287 4223 Vl,
1303 4159 1402 4240 Atque
1414 4156 1561 4239 deponunt
1573 4175 1637 4218 cum
1645 4155 1769 4237 proprio
1776 4154 1870 4235 juru-

283 4236 470 4313 adhibeuda,
486 4258 500 4297 u
518 4242 611 4317 prout
625 4238 761 4318 loquitur
781 4241 1048 4326 conciliumgene·
1100 4261 1207 4316 mento,
1222 4284 1262 4300 -
1275 4253 1323 4314 vi.
1338 4255 1445 4315 Testes
1459 4247 1610 4330 ejusmodi
1635 4247 1751 4310 debent
1773 4247 1868 4329 depe

282 4331 348 4394 rele
360 4330 419 4404 loc.
436 4330 487 4394 cit.
510 4331 649 4395 Gravitas
670 4338 775 4394 eutem
795 4351 936 4414 persona
956 4335 1048 4399 desu·
1101 4367 1176 4411 nere
1191 4366 1262 4409 cum
1276 4344 1399 4426 proprio
1411 4343 1609 4424 juramento:
1625 4339 1701 4401 alias
1715 4359 1780 4402 uon
1794 4359 1871 4420 pro.

282 4421 378 4486 mitur
397 4440 436 4484 er
456 4423 606 4503 gravitate
627 4441 761 4502 morum,
782 4425 935 4506 bonaque
956 4429 1047 4492 tama
1100 4443 1188 4517 hini,
1214 4441 1302 4522 juxta
1330 4445 1446 4502 textum
1483 4435 1618 4507 ibidem,
1648 4432 1703 4496 ubi
1733 4433 1867 4496 dicitur:

282 4522 315 4580 et
341 4515 514 4596 opinionis,
539 4515 582 4577 sic
608 4520 642 4580 ut
665 4526 828 4582 censeatur
849 4519 910 4582 fide
940 4520 1045 4602 digna.
1105 4537 1240 4597 «Testes
1261 4531 1385 4612 proprio
1407 4531 1583 4612 juramento
1606 4526 1741 4603 firment,
1766 4549 1781 4587 s
1806 4535 1866 4592 etc.

282 4609 391 4672 (ΗΘΜ
404 4607 479 4670 ibid.
497 4612 529 4688 l·
545 4606 685 4673 Perima-
701 4613 914 4676 ⁰ffl⁰⁵fiffl¹⁸i⁸
930 4618 960 4692 i·
973 4615 1063 4682 Gra?
1101 4627 1140 4690 Et
1161 4623 1259 4686 iutra:
1289 4643 1304 4682 u
1326 4624 1390 4685 Nec
1411 4621 1490 4684 tales
1513 4619 1677 4696 sufficiant,
1694 4618 1752 4681 nisi
1771 4619 1869 4699 jurati

241 4711 245 4716 ’
283 4701 337 4765 ²²5⁸·
1101 4719 1268 4799 deponant,
1284 4739 1299 4778 u
1318 4724 1377 4780 etc.
1400 4714 1458 4782 Ubi
1477 4712 1680 4795 ponderando
1698 4712 1742 4792 ly,
1763 4731 1777 4770 u
1797 4731 1871 4794 pro-

321 4791 445 4858 376.ll.
460 4791 505 4856 lit
517 4803 584 4856 ante
597 4793 675 4858 litem
689 4805 796 4860 motum
810 4801 1048 4883 testificutcdidi-
1100 4813 1167 4894 prio
1180 4812 1367 4891 juramento,
1384 4831 1399 4870 n
1427 4807 1548 4872 videtur
1570 4823 1627 4886 pro
1649 4803 1760 4882 torma,
1777 4809 1809 4868 et
1830 4805 1871 4868 ad

280 4887 384 4951 cerint.
399 4886 677 4992 -llalestesjlli
698 4889 814 4955 debent
831 4894 986 4976 deponere
1008 4897 1047 4960 de
1093 4909 1251 4968 'terrorem
1277 4904 1419 4978 aliorum,
1448 4898 1564 4982 requiri
1593 4899 1755 4979 proprium
1780 4899 1870 4979 jum..

281 4979 682 5084 iis,quaeaud1eruntcnte
700 4981 786 5044 litem
806 4993 939 5062 motami
958 4992 1047 5070 juxta
1100 5004 1240 5059 mentum
1253 4997 1268 5057 ι’
1284 4996 1374 5072 adeo,
1391 5003 1425 5058 ut
1447 5013 1509 5057 non
1533 4992 1664 5055 sufficiat
1682 4992 1789 5072 jurare
1812 5011 1870 5074 per

280 5072 368 5150 illud,
384 5090 446 5153 quo
469 5071 502 5133 iu
525 5075 577 5134 crt.
603 5091 630 5135 c.
655 5073 736 5137 Licet
756 5095 792 5138 ca
814 5079 951 5160 quodum.
968 5085 999 5145 h.
1022 5088 1044 5147 t.
1100 5097 1332 5170 procuratorem
1356 5089 1524 5154 habentem
1548 5085 1716 5166 specialem
1739 5086 1873 5148 manda·

280 5165 496 5248 subjungitur:
518 5186 533 5224 a
546 5165 584 5227 Et
605 5170 676 5230 anto
697 5168 783 5231 litem
803 5179 917 5235 molam
941 5175 1047 5240 tesilfi·
1099 5183 1185 5255 tum3
1203 5189 1292 5262 prout
1307 5181 1397 5244 docet
1410 5181 1514 5243 Abbas
1528 5179 1603 5242 ibid,
1620 5196 1652 5242 n,
1668 5181 1698 5240 6.
1721 5195 1869 5240 asserens

279 5261 350 5322 cata
363 5257 538 5337 didicerint,
554 5281 568 5318 u
587 5264 646 5322 etc.
658 5261 747 5324 Unde
762 5262 787 5322 si
802 5262 994 5345 deponerent
1007 5270 1046 5334 de
1099 5273 1141 5336 itu
1154 5279 1260 5336 mucre
1273 5290 1382 5336 omues
1396 5274 1548 5335 doctores

278 5351 350 5431 illis,
361 5369 434 5436 ‚qua
448 5353 585 5434 primum
600 5351 766 5420 audieruut
785 5364 855 5438 post
874 5359 959 5424 litem
980 5381 1046 5426 mo·
1138 5369 1207 5432 381.
1235 5367 1302 5431 Vll.
1318 5365 1363 5430 Er
1375 5367 1415 5430 ad
1425 5364 1782 5449 [mendumtcstimouiam
1790 5363 1856 5427 odio
