4026 6054
387 241 459 322 511.
484 239 535 302 DE
555 239 685 304 POENIS
705 239 948 307 cuumcoumt
968 231 1347 316 coucmmaetottutt,
1373 239 1457 304 uec,
1656 233 1716 298 iffi

126 371 239 450 divinis
252 369 358 450 qnosd
370 372 459 452 elios,
479 379 574 456 pront
595 375 722 437 fuemnt
743 375 774 434 in
797 374 895 438 veleri
948 374 993 436 eia
1006 375 1100 437 fnerit
1113 373 1338 454 dispensatum,
1353 391 1417 434 non
1430 361 1563 452 pos'sunt'
1573 363 1716 433 obtinere

122 465 448 546 jure:qnodla1nen
472 473 519 530 est
541 473 649 532 contre
670 469 791 531 Bullam
813 469 895 532 blar-
947 469 1098 544 bonores,
1123 468 1300 550 dignitates,
1325 464 1496 542 beneficis,
1518 481 1577 526 neo
1600 461 1711 525 officia.

125 557 181 620 tini
195 557 233 618 V.
248 559 302 622 Ad
312 560 456 637 evitando,
473 567 504 622 et
517 560 661 624 doctores
675 561 893 625 communiter.
947 563 1116 626 Concilium
1130 563 1342 628 'tridentinum
1356 561 1406 623 cit.
1423 575 1493 639 cap.
1504 575 1565 622 ιιι.
1576 551 1716 648 ιιιι.Ει

163 655 217 718 13.
239 653 361 716 Bontur
372 654 438 718 olioe
456 649 552 718 cdluc
571 655 741 719 clmicotum
762 656 895 719 conculi—
946 657 975 718 si
984 658 1037 719 ito.
1053 659 1142 730 Nam,
1158 660 1194 720 nt
1206 655 1300 718 habet
1313 671 1379 735 reg.
1396 644 1445 718 81.
1458 645 1522 734 jur.
1537 651 1582 714 in.
1593 653 1624 712 c.
1643 653 1715 712 cln-

125 748 279 809 ocrioncm
291 765 397 830 pem
414 747 619 820 -Qnerilnr
637 751 686 812 ΠΙ.
710 753 759 814 An
781 749 896 812 dentur
946 753 1082 815 femibus
1105 757 1201 831 porte
1222 769 1286 811 non
1309 751 1436 829 pateant
1463 745 1660 827 dignitatum.
1692 765 1709 804 a

125 841 197 902 aliae
238 841 342 903 adbuc
381 843 565 906 clericorum
603 844 893 906 concubinariorum
947 846 1035 920 Quod
1049 846 1074 906 si
1088 861 1162 908 vero
1177 845 1279 907 clerici
1295 837 1449 922 suspensi,
1465 847 1501 905 ut
1518 837 1623 922 supra,
1639 837 1714 902 ente'

125 943 252 1017 pcenmt
279 939 375 1018 Reep.
402 937 610 1002 Affirmativo:
639 941 685 1002 uti
712 940 817 1004 videre
846 941 895 1002 est
947 939 1106 1001 obtentam
1120 935 1348 1000 absolutionem
1363 933 1520 998 celebrent
1534 934 1651 1010 divine,
1665 930 1714 992 et·-

125 1033 213 1114 epnd
233 1033 428 1095 Farinecium
450 1038 525 1096 tom.
549 1033 587 1094 V.
610 1033 722 1096 Procris
744 1033 890 1097 crimical.
949 1031 1096 1094 ficiuntur
1108 1032 1306 1112 irregulares,
1322 1049 1350 1092 c.
1375 1031 1407 1093 ls
1428 1031 1484 1092 cui.
1508 1029 1559 1092 20.
1581 1027 1616 1089 de
1635 1023 1715 1090 Seu-

124 1126 894 1208 sendeDelictiscorm'a,qnaest.138.n.35.ct
948 1129 1016 1188 leot.
1031 1127 1238 1187 excommunic.
1252 1127 1285 1186 in
1298 1125 1330 1187 6.
1458 1152 1463 1164 .
1504 1119 1513 1139 ⁸

124 1240 215 1302 seqq.
233 1230 265 1285 et
284 1221 453 1284 Rebnfium
475 1223 507 1282 in
530 1229 615 1285 tract.
642 1220 893 1285 Coruordotomcm
984 1223 1034 1282 17.
1058 1217 1103 1282 Ac
1128 1219 1306 1301 repelluntur
1331 1237 1349 1280 o
1370 1215 1548 1300 promotione
1564 1213 1709 1278 ordinum.

124 1318 223 1397 Requi
233 1317 382 1390 quct'ce,
397 1317 443 1380 tit.
465 1317 511 1380 oe
527 1316 651 1398 publicis
670 1315 890 1390 concubinariis,
946 1311 1026 1375 Sunt
1036 1327 1177 1396 pauperes
1191 1333 1226 1375 ac
1239 1313 1358 1375 miseri:
1371 1311 1466 1387 surdi,
1485 1311 1544 1374 ιιι
1564 1308 1714 1372 audientis

124 1411 181 1473 nbi
195 1408 322 1492 triginta
335 1410 414 1472 teies
426 1427 537 1489 peenas
551 1415 730 1483 enumerat3
751 1408 892 1488 quemvis
946 1407 1055 1468 monito
1064 1407 1242 1488 sopiendum:
1250 1406 1435 1489 omnibusque
1445 1405 1579 1480 ludibrio,
1590 1412 1619 1468 et
1628 1423 1715 1466 morc-

124 1504 189 1576 elii,
206 1503 423 1582 etpraesertim
439 1503 617 1566 Parinacius
631 1503 682 1566 cit.
708 1521 741 1564 n.
765 1505 816 1566 35,
840 1501 894 1564 ad·
945 1499 1022 1578 dolo,
1036 1508 1090 1562 etc.
1107 1535 1147 1550 —
1160 1503 1288 1582 Insuper
1309 1499 1522 1563 concubinarii
1545 1517 1564 1560 a
1585 1495 1714 1580 promo-

124 1595 890 1677 notarint,pleresqueearnmpotiusinoommodo,
945 1594 1036 1656 tione·
1045 1586 1189 1657 ordinum
1210 1595 1414 1676 repelluntur,
1440 1613 1507 1676 erg.
1532 1613 1601 1658 ιιι.
1627 1596 1656 1655 1.
1681 1597 1714 1657 et

125 1709 358 1770 qnempoenes,
374 1707 446 1752 uere
460 1689 520 1752 dici
534 1708 637 1770 posse.
653 1689 805 1753 Probatur
818 1707 894 1751 con-
946 1705 1034 1767 seqq.
1063 1689 1135 1752 dist.
1159 1693 1209 1752 21.
1239 1687 1319 1752 Sunt
1344 1706 1509 1770 pauperes,
1534 1705 1572 1748 ac
1593 1687 1710 1750 miseri.

124 1784 225 1848 clusio
251 1785 444 1859 inductione,
474 1784 687 1848 enumerando
717 1783 893 1864 complures
945 1779 1151 1856 Ecclesiastici‚
1167 1801 1208 1856 ιιι,
1223 1785 1253 1844 6.
1268 1781 1346 1845 Sunt
1359 1781 1455 1860 surdi,
1470 1800 1535 1845 non
1549 1780 1714 1844 audientes

126 1869 306 1959 hujusmodi
320 1895 443 1960 poense.
946 1876 1064 1938 monita
1077 1876 1273 1956 sapientium,
1289 1877 1345 1940 sed
1359 1893 1442 1956 tegre
1455 1875 1592 1938 ferentes
1611 1893 1676 1947 eos,
1693 1891 1714 1937 ι

166 1975 218 2032 11.
240 1971 407 2034 Suotmim
418 1969 683 2053 persmpemioais,
699 1978 728 2033 et
746 1967 895 2032 interdicti
946 1971 1058 2052 quibus
1086 1972 1313 2053 corripiuntur,
1338 1963 1534 2033 Ecclest'trstic'.
1564 1965 1646 2042 ιιι,
1661 1971 1711 2031 18.

123 2063 293 2127 metam
314 2064 423 2125 metius
441 2063 570 2146 coquendi,
587 2071 619 2125 ul
633 2063 804 2125 concubinos
824 2082 843 2123 o
865 2079 894 2123 ec
945 2065 1008 2128 ihi:
1034 2065 1157 2128 Audiuit
1179 2061 1355 2144 luxuriosus,
1385 2074 1413 2128 et
1431 2064 1594 2146 displicebit
1618 2061 1656 2140 ei,
1684 2069 1713 2125 et

124 2165 300 2232 renmoecnt,
315 2163 368 2220 etc.
383 2157 452 2220 Nom
466 2165 561 2220 tomen
580 2157 682 2220 delent
693 2157 758 2238 copi
770 2155 810 2219 od
824 2157 896 2218 titas
945 2157 1079 2241 projiciet
1091 2158 1167 2220 illud
1178 2168 1244 2240 post
1260 2158 1381 2221 dorsum
1399 2174 1495 2220 sctum.
1519 2159 1713 2236 Semperque

123 2251 317 2333 odjumodas.
333 2283 373 2298 -
387 2251 436 2312 Sic
450 2252 566 2331 quippe
586 2252 688 2314 clerici
709 2250 893 2314 concubine·
946 2253 1049 2315 tristes
1062 2250 1212 2314 incedunt
1225 2247 1351 2332 Apocal.
1367 2267 1409 2324 ιι,
1433 2255 1483 2324 21,
1507 2254 1557 2312 22.
1580 2252 1617 2312 lit
1640 2251 1713 2313 sunt

124 2345 162 2406 rii
175 2361 234 2423 per
247 2343 470 2424 suspensionis,
488 2347 519 2405 et
528 2343 683 2405 interdicti
693 2341 892 2415 seutentiam,
947 2345 1091 2406 omnibus
1105 2343 1249 2421 ludibrio,
1267 2349 1297 2404 et
1307 2343 1467 2419 scandalo,
1478 2343 1589 2404 Nsnm.
1601 2339 1709 2416 n1,'i3.

124 2441 197 2498 sunt
211 2437 326 2498 arctius
339 2437 482 2517 cogendi,
496 2441 531 2497 nt
545 2437 735 2498 concubinas
753 2455 827 2499 ase
846 2455 894 2498 re-
946 2439 1099 2500 Tacentur
1115 2438 1185 2499 eliu
1208 2437 1388 2517 hujusmodi
1411 2455 1524 2516 poenae,
1549 2444 1642 2516 etque
1664 2436 1714 2497 in·

123 2533 291 2592 moveont:
309 2535 340 2592 et
353 2529 378 2590 si
393 2529 432 2590 ιιι
446 2529 530 2609 ipsas
545 2529 658 2606 redire,
674 2531 725 2593 vel
744 2530 821 2592 alias
843 2547 895 2592 eo-
947 2530 1110 2592 commoda
1130 2531 1432 2602 concubinariorum,
1453 2537 1561 2611 utpote
1587 2531 1640 2610 qni
1664 2529 1714 2590 bi·

123 2623 229 2702 cipere
256 2621 336 2686 lorte
369 2624 644 2702 presumpserint,
682 2632 791 2706 postea
822 2629 894 2686 sunt
946 2625 1026 2688 bunt
1038 2624 1122 2687 velut
1135 2619 1250 2704 equam
1263 2624 1477 2702 iniquitatem:
1493 2625 1565 2686 lob.
1586 2641 1636 2698 xv,
1660 2626 1709 2685 16.

124 2715 428 2793 excommunicandi,
444 2715 543 2780 donec
562 2717 755 2796 resipiscent.
780 2721 893 2779 'leatus
986 2722 1040 2782 te.
1060 2717 1148 2794 Oceli
1158 2737 1245 2800 pceoo
1254 2717 1420 2802 puniendus
1432 2717 1471 2780 sit
1483 2715 1603 2780 clericos
1624 2733 1715 2798 pmp-

123 2810 216 2872 estin
231 2821 261 2871 c.
279 2807 415 2872 Clericus.
430 2813 460 2872 3.
477 2809 509 2870 b.
526 2811 670 2889 cjunou
689 2810 796 2873 Glosss
816 2810 892 2874 ibid.
947 2819 991 2872 ter
1012 2811 1170 2893 simplicem
1196 2810 1414 2892 fmomotionam
1440 2809 1547 2892 ulique
1574 2809 1715 2892 quolitotc

125 2909 157 2982 y.
173 2902 361 2984 Perpetuam.
377 2902 550 2966 concordet
563 2903 728 2966 concilium
740 2905 894 2968 Tridenti·
946 2905 1173 2968 conculioctml
1186 2905 1511 2968 Enumerantucuocioe
1531 2917 1625 2987 putea
1646 2923 1714 2966 cou-

122 2994 551 3076 numSess.25.cap.'x1v‘.de
564 2995 788 3076 detumuere.
801 2995 895 3060 Sedsi
947 3005 995 3060 tro
1008 3016 1071 3060 eum
1085 2999 1198 3080 injure
1209 3007 1339 3062 statuto.
1348 2999 1549 3072 -Onaeritur
1561 2999 1612 3061 111.
1623 2998 1714 3071 Quali

121 3099 289 3172 postquam.
302 3095 410 3168 estque
424 3089 829 3172 ampliusdictumsupran.
840 3099 890 3156 21.
946 3109 1040 3174 paena
1054 3092 1230 3171 puniendus
1245 3093 1284 3155 eit
1297 3093 1440 3167 clericus,
1456 3094 1488 3154 in
1509 3093 1604 3154 sacris
1623 3091 1715 3153 Ordi-

123 3185 191 3246 Non
202 3189 309 3245 lamen
323 3181 417 3244 debet
428 3183 577 3262 praetatus
592 3183 721 3246 clericos
739 3187 893 3265 ejusmodi
946 3185 1039 3246 nibns
1053 3183 1248 3259 constitutus,
1264 3191 1390 3265 propter
1403 3185 1573 3266 simplicem
1583 3184 1715 3246 tornica-

123 3293 239 3356 cogsre
252 3274 293 3336 ad
306 3272 496 3352 abjurandas
512 3275 769 3340 concubinas:·c
790 3280 835 3340 Ne
859 3279 893 3340 in
947 3279 1064 3342 tionem
1106 3279 1224 3357 absque
1265 3279 1413 3358 qualitate
1452 3277 1713 3342 concubinatus!

122 3368 270 3430 eamdem
289 3366 525 3430 fornicationem
552 3370 700 3432 instincto
728 3371 892 3434 diabolice
946 3371 1038 3450 Rssp.
1056 3371 1080 3431 1.
1102 3367 1231 3442 Quando
1250 3367 1429 3448 hujusmodi
1450 3367 1579 3431 clericus
1600 3368 1640 3430 de
1660 3385 1714 3428 ac-

123 3461 244 3526 fruudis
269 3460 448 3539 redeuntes,
477 3461 606 3541 perjurii
633 3469 755 3526 reulum
790 3465 894 3526 incur·
946 3462 1020 3527 tueli
1036 3464 1250 3543 lapsucarnis,
1266 3463 1429 3537 siccante,
1445 3461 1593 3542 aivepost
1612 3459 1714 3522 moni-

123 3562 207 3626 rant,
220 3577 236 3614 o
255 3554 495 3640 prontloquitur
507 3555 648 3618 Pontifex
666 3557 718 3619 cit.
743 3574 770 3622 c.
798 3555 892 3621 Cleri·
946 3557 1063 3620 tionem
1086 3555 1245 3618 convictus
1263 3555 1367 3632 fuerit,
1391 3556 1484 3618 veris
1507 3555 1615 3618 contre
1638 3572 1713 3617 eum

123 3669 181 3712 cos.
196 3651 227 3711 3.
244 3649 277 3709 h.
293 3653 315 3709 t.
947 3649 1143 3729 reperiuntur
1155 3667 1257 3728 poenae
1278 3650 1309 3710 in
1327 3650 1398 3729 jure
1416 3655 1547 3712 statuite.
1564 3650 1607 3712 tta
1629 3665 1714 3710 com-

163 3747 215 3806 15.
239 3740 310 3804 Etsi
321 3741 419 3803 clerici
427 3742 462 3810 io
475 3741 576 3817 semis,
592 3749 646 3804 aul
656 3743 785 3824 relipiosi
792 3746 894 3808 matri·
947 3743 1070 3814 munis;
1086 3747 1117 3804 et
1131 3745 1217 3822 petet
1236 3743 1426 3805 inductione.
1442 3743 1521 3804 Nan'r
1534 3741 1710 3822 presbyter,

125 3837 254 3900 mmmm
267 3833 435 3898 moetos
452 3837 625 3898 attentarint
646 3837 707 3916 ipso
728 3837 805 3918 facto
827 3851 895 3904 suot
947 3837 1096 3900 diaconus
1109 3835 1142 3896 in
1156 3835 1358 3898 fornicatione
1372 3835 1598 3916 deprehensus,
1619 3835 1714 3915 jube·-

124 3930 378 3993 cucommunicoti.
406 3962 446 3978 -
474 3931 562 4001 Quod
589 3931 710 3995 sivero
737 3933 840 3994 clerici
860 3934 892 3996 in
947 3938 998 3994 tur
1021 3929 1146 4010 deponi,
1171 3947 1240 3991 cen.
1265 3932 1315 3990 21.
1340 3927 1557 4004 Apostolorum.
1582 3929 1613 3990 et
1639 3945 1710 3990 can.

125 4025 224 4086 sacris
247 4023 408 4086 ordinibus
430 4024 587 4088 constituti
612 4025 708 4104 (idem
728 4025 894 4090 dicendum
946 4024 1102 4106 Presbyter
1124 4031 1151 4086 et
1172 4023 1328 4086 Dicemus.
1355 4021 1426 4085 dist.
1451 4025 1499 4085 81.
1526 4025 1559 4086 et
1581 4039 1650 4083 can.
1675 4019 1715 4084 Si

125 4119 165 4180 dc
179 4117 345 4197 religiosis,
362 4123 393 4180 et
406 4117 592 4180 monialibus
611 4119 767 4200 protessis)
788 4123 894 4184 matri-
947 4119 1011 4200 quis
1024 4118 1200 4201 Episcopus.
1217 4117 1287 4180 ead.
1302 4117 1374 4178 dist.
1389 4119 1439 4179 81.
1456 4119 1517 4180 Ant
1531 4135 1550 4177 ι
1568 4115 1714 4177 sacerdo-

125 4210 267 4272 moninm
282 4209 466 4272 conuehere
482 4213 681 4286 ιιιιιιιιιίιιις
697 4221 810 4292 preter
823 4217 895 4278 nul·
947 4213 1000 4276 teli
1014 4212 1167 4275 removeri
1178 4213 1290 4290 officio,
1302 4229 1369 4273 con.
1383 4209 1565 4273 Sacerdotes.
1577 4207 1647 4270 dist.
1659 4210 1712 4272 30.

124 4303 246 4366 litatem
259 4305 447 4382 conbustus,
463 4303 530 4384 ipso
544 4304 625 4367 facto
635 4309 708 4368 sunt
718 4325 896 4371 excommn·
948 4313 979 4370 st
993 4323 1063 4367 con.
1078 4305 1288 4368 Maximianus.
1313 4303 1384 4366 dist.
1408 4305 1458 4367 81.
1473 4303 1498 4364 E
1517 4309 1624 4366 contra
1639 4319 1711 4364 cen.

125 4397 233 4466 niceti,
249 4395 349 4458 (ilem.
365 4410 419 4456 un.
431 4394 893 4482 cleComoupumitot.etosfim't.
948 4399 1107 4482 Presdyter
1119 4399 1155 4462 si.
1175 4400 1245 4462 dist.
1269 4402 1318 4462 82.
1336 4397 1466 4478 jubetur
1484 4395 1650 4477 presbyter
1671 4395 1712 4460 de

126 4497 237 4568 estque
250 4489 315 4568 jem
329 4487 448 4550 dictum
461 4487 507 4550 tit.
526 4490 709 4567 praecedu.
724 4495 773 4554 to.
948 4493 1150 4555 fornicatione
1166 4491 1336 4569 convictus,
1353 4489 1454 4552 sedin
1467 4489 1540 4552 vitio
1560 4507 1623 4549 nnn
1643 4506 1713 4567 per·

165 4583 219 4644 16.
243 4577 353 4642 Clerici
364 4580 560 4642 cmtcutioorii
576 4579 739 4646 redduntur
760 4586 893 4667 iosomes.
949 4603 1106 4660 secernas,
1127 4602 1218 4665 egere
1241 4584 1455 4664 poenitentiam
1478 4583 1588 4644 decem
1609 4583 1712 4656 annis,

125 4705 166 4723 -
180 4671 301 4735 Deinde
315 4672 418 4734 clerici
432 4674 835 4742 concubinaritcffioinntur
849 4679 896 4740 in·
949 4681 1043 4744 modo
1065 4679 1181 4742 ibidem
1204 4679 1393 4759 praescripto.
1418 4676 1498 4740 Alibi
1521 4674 1714 4740 interdicitur

125 4769 238 4841 umes,
254 4782 326 4828 csn.
342 4765 483 4847 lotomes.
500 4786 584 4830 osus.
602 4773 632 4832 o.
648 4787 680 4850 q.
704 4777 733 4835 1.
753 4790 790 4834 ιι
811 4780 897 4836 notet
949 4776 1007 4855 ipsi
1030 4775 1189 4854 ingressus
1210 4771 1367 4848 boebeis,
1392 4787 1492 4850 usque
1515 4787 1588 4832 eom
1610 4767 1712 4847 poent-

125 4859 309 4923 Parinecius
324 4858 378 4924 cit.
393 4867 502 4940 quaest.
521 4865 589 4925 138.
606 4882 637 4926 ιι.
660 4868 710 4927 51.
736 4872 766 4928 ιι
785 4865 895 4927 Rebuf·
950 4872 1026 4942 teat,
1043 4872 1074 4928 et
1087 4865 1246 4938 emendet,
1257 4881 1327 4926 oen.
1345 4862 1384 4925 Si
1395 4865 1448 4946 qui
1462 4871 1539 4925 suut.
1564 4861 1636 4922 dist.
1660 4860 1712 4921 81.

125 4955 188 5028 tus,
204 4952 259 5016 ubi
284 4971 379 5033 supro
401 4972 483 5018 vers.
506 4953 604 5020 Tertio
625 4975 722 5039 prauo.
745 4959 845 5034 Unde,
869 4965 896 5025 si
951 4960 1006 5023 Vel
1019 4965 1089 5040 post
1102 4957 1296 5039 premissam
1309 4956 1509 5020 monitionem
1524 4971 1587 5017 non
1605 4967 1713 5014 emen-

126 5046 237 5109 moniti
252 5063 317 5106 non
329 5045 523 5126 resipiscent,
538 5067 602 5113 non
623 5053 746 5113 tantum
766 5071 897 5132 suspen·
950 5052 1052 5128 datus,
1071 5051 1112 5113 ab
1135 5049 1349 5112 ecclesiasticis
1370 5047 1529 5110 beneficiis
1551 5042 1716 5125 suspendi·

127 5141 246 5203 dnntnr
260 5159 278 5202 a
294 5140 358 5202 suis
382 5141 502 5218 officiis,
525 5149 619 5222 atque
642 5144 811 5222 beneflciis,
836 5147 896 5227 pri·
950 5151 1011 5222 tur,
1027 5162 1056 5207 c.
1072 5142 1169 5206 Sicut.
1182 5146 1213 5204 1.
1229 5148 1260 5205 et
1274 5160 1302 5204 o.
1318 5141 1357 5204 Si
1369 5149 1475 5202 cutem
1497 5142 1527 5200 6.
1549 5138 1584 5200 h.
1605 5139 1629 5199 t.
1651 5137 1715 5199 Aut

127 5238 306 5311 nautasque
330 5231 442 5294 borum
464 5233 630 5308 fiuctibus,
658 5253 695 5296 ac
723 5238 896 5302 successive
950 5244 1044 5318 prout
1056 5239 1168 5319 magis,
1184 5237 1233 5300 rel
1255 5237 1358 5298 minus
1380 5231 1565 5316 peccauerit,
1586 5229 1714 5310 jubetur

127 5325 206 5408 ipsis
221 5340 348 5404 quoque
371 5325 540 5402 beneficiis,
564 5345 622 5408 per
640 5327 713 5409 jura
734 5347 767 5391 n.
791 5333 841 5393 ³0.
867 5336 898 5394 ct
950 5331 1051 5412 puniri
1066 5330 1238 5393 secundum
1252 5331 1416 5392 canonicas
1430 5325 1617 5402 sanctiones,
1637 5343 1664 5387 ι.
1681 5328 1717 5386 nt

128 5437 222 5500 seqq.
247 5417 401 5498 allegata:
427 5417 484 5482 sed
506 5421 612 5492 etam.
635 5427 803 5502 antequem
825 5443 897 5486 cum
952 5423 1144 5488 Clericomm.
1160 5427 1209 5487 te.
1225 5423 1261 5485 de
1279 5419 1535 5487 Vitoetlomestot.
1559 5415 1657 5480 cleric.
1679 5418 1719 5480 nt
