<?xml version="1.0" encoding="UTF-8"?>
<!DOCTYPE html PUBLIC "-//W3C//DTD XHTML 1.0 Transitional//EN"
    "http://www.w3.org/TR/xhtml1/DTD/xhtml1-transitional.dtd">
<html xmlns="http://www.w3.org/1999/xhtml" xml:lang="en" lang="en">
 <head>
  <title>
</title>
<meta http-equiv="Content-Type" content="text/html;charset=utf-8" />
  <meta name='ocr-system' content='tesseract 3.04.00' />
  <meta name='ocr-capabilities' content='ocr_page ocr_carea ocr_par ocr_line ocrx_word'/>
</head>
<body>
  <div class='ocr_page' id='page_1' title='image "./juscanonicumuni00pellgoog_0196.png"; bbox 0 0 4028 6068; ppageno 0'>
   <div class='ocr_carea' id='block_1_1' title="bbox 332 123 1757 206">
    <p class='ocr_par' dir='ltr' id='par_1_1' title="bbox 332 123 1757 206">
     <span class='ocr_line' id='line_1_1' title="bbox 332 123 1757 206; baseline 0.002 -21"><span class='ocrx_word' id='word_1_1' title='bbox 332 124 352 204; x_wconf 66' lang='grc' dir='ltr'><strong>ξ</strong></span> <span class='ocrx_word' id='word_1_2' title='bbox 371 123 407 184; x_wconf 92' lang='lat' dir='ltr'>V.</span> <span class='ocrx_word' id='word_1_3' title='bbox 429 125 481 186; x_wconf 82' lang='lat' dir='ltr'>lili</span> <span class='ocrx_word' id='word_1_4' title='bbox 501 125 729 190; x_wconf 73' lang='lat' dir='ltr'>tufltttnrtto</span> <span class='ocrx_word' id='word_1_5' title='bbox 749 128 842 192; x_wconf 73' lang='lat' dir='ltr'>utris</span> <span class='ocrx_word' id='word_1_6' title='bbox 862 129 1073 206; x_wconf 73' lang='lat' dir='ltr'>undiscolo,</span> <span class='ocrx_word' id='word_1_7' title='bbox 1094 129 1261 201; x_wconf 70' lang='lat' dir='ltr'>musculo</span> <span class='ocrx_word' id='word_1_8' title='bbox 1282 127 1487 206; x_wconf 78' lang='lat' dir='ltr'>nlvtstottu,</span> <span class='ocrx_word' id='word_1_9' title='bbox 1514 127 1596 190; x_wconf 80' lang='lat' dir='ltr'><strong>ETG.</strong></span> <span class='ocrx_word' id='word_1_10' title='bbox 1700 123 1757 188; x_wconf 84' lang='grc'><strong>183</strong></span> 
     </span>
    </p>
   </div>
   <div class='ocr_carea' id='block_1_2' title="bbox 153 257 1814 5004">
    <p class='ocr_par' dir='ltr' id='par_1_2' title="bbox 153 257 1814 5004">
     <span class='ocr_line' id='line_1_2' title="bbox 169 257 1753 342; baseline 0.001 -22"><span class='ocrx_word' id='word_1_11' title='bbox 169 257 829 342; x_wconf 59' lang='lat' dir='ltr'>nonnum.darattt.coqeoa.etl.1.</span> <span class='ocrx_word' id='word_1_12' title='bbox 854 262 937 325; x_wconf 73' lang='lat' dir='ltr'>ude</span> <span class='ocrx_word' id='word_1_13' title='bbox 990 261 1218 326; x_wconf 87' lang='lat' dir='ltr'>Seousfitiul.</span> <span class='ocrx_word' id='word_1_14' title='bbox 1245 259 1306 326; x_wconf 80' lang='lat' dir='ltr'>sot</span> <span class='ocrx_word' id='word_1_15' title='bbox 1326 261 1429 342; x_wconf 62' lang='lat' dir='ltr'>anae</span> <span class='ocrx_word' id='word_1_16' title='bbox 1454 279 1481 326; x_wconf 86' lang='lat' dir='ltr'>o.</span> <span class='ocrx_word' id='word_1_17' title='bbox 1507 259 1543 322; x_wconf 87' lang='lat' dir='ltr'>de</span> <span class='ocrx_word' id='word_1_18' title='bbox 1564 259 1608 323; x_wconf 85' lang='lat' dir='ltr'>Re</span> <span class='ocrx_word' id='word_1_19' title='bbox 1628 259 1753 341; x_wconf 66' lang='lat' dir='ltr'>indunt.</span> 
     </span>
     <span class='ocr_line' id='line_1_3' title="bbox 168 350 1749 436; baseline 0.001 -22"><span class='ocrx_word' id='word_1_20' title='bbox 168 350 245 414; x_wconf 76' lang='lat' dir='ltr'>Fide</span> <span class='ocrx_word' id='word_1_21' title='bbox 259 351 446 413; x_wconf 78' lang='lat' dir='ltr'>riutrument.</span> <span class='ocrx_word' id='word_1_22' title='bbox 990 361 1095 436; x_wconf 82' lang='lat' dir='ltr'>utpote</span> <span class='ocrx_word' id='word_1_23' title='bbox 1110 373 1180 436; x_wconf 85' lang='lat' dir='ltr'>quoe</span> <span class='ocrx_word' id='word_1_24' title='bbox 1194 354 1333 435; x_wconf 77' lang='lat' dir='ltr'>procedit</span> <span class='ocrx_word' id='word_1_25' title='bbox 1346 353 1451 434; x_wconf 87' lang='lat' dir='ltr'>quoad</span> <span class='ocrx_word' id='word_1_26' title='bbox 1468 371 1546 417; x_wconf 82' lang='lat' dir='ltr'>eres</span> <span class='ocrx_word' id='word_1_27' title='bbox 1556 353 1749 434; x_wconf 63' lang='lat' dir='ltr'>judicatam</span> 
     </span>
     <span class='ocr_line' id='line_1_4' title="bbox 208 446 1755 529; baseline -0.001 -17"><span class='ocrx_word' id='word_1_28' title='bbox 208 453 268 514; x_wconf 76' lang='grc'>119</span> <span class='ocrx_word' id='word_1_29' title='bbox 292 457 324 512; x_wconf 84' lang='lat' dir='ltr'>et</span> <span class='ocrx_word' id='word_1_30' title='bbox 344 453 413 514; x_wconf 88' lang='grc'><strong>150.</strong></span> <span class='ocrx_word' id='word_1_31' title='bbox 442 447 594 512; x_wconf 72' lang='lat' dir='ltr'>Sententia</span> <span class='ocrx_word' id='word_1_32' title='bbox 622 451 683 513; x_wconf 85' lang='lat' dir='ltr'>loto</span> <span class='ocrx_word' id='word_1_33' title='bbox 703 453 860 515; x_wconf 68' lang='grc' dir='ltr'><strong>9999919νί</strong></span> <span class='ocrx_word' id='word_1_34' title='bbox 879 473 937 516; x_wconf 84' lang='lat' dir='ltr'>non</span> <span class='ocrx_word' id='word_1_35' title='bbox 990 446 1669 529; x_wconf 70' lang='grc'><strong>999191991999119999991991191999911119</strong></span> <span class='ocrx_word' id='word_1_36' title='bbox 1687 467 1755 511; x_wconf 84' lang='lat' dir='ltr'>rem</span> 
     </span>
     <span class='ocr_line' id='line_1_5' title="bbox 163 541 1167 630; baseline -0.003 -25"><span class='ocrx_word' id='word_1_37' title='bbox 163 551 261 627; x_wconf 78' lang='lat' dir='ltr'>potest</span> <span class='ocrx_word' id='word_1_38' title='bbox 267 553 394 626; x_wconf 81' lang='lat' dir='ltr'>propter</span> <span class='ocrx_word' id='word_1_39' title='bbox 406 543 598 606; x_wconf 77' lang='lat' dir='ltr'>instrumenta</span> <span class='ocrx_word' id='word_1_40' title='bbox 612 543 648 608; x_wconf 85' lang='lat' dir='ltr'>de</span> <span class='ocrx_word' id='word_1_41' title='bbox 667 565 740 608; x_wconf 84' lang='lat' dir='ltr'>novo</span> <span class='ocrx_word' id='word_1_42' title='bbox 760 556 887 630; x_wconf 83' lang='lat' dir='ltr'>reperto,</span> <span class='ocrx_word' id='word_1_43' title='bbox 909 556 939 612; x_wconf 86' lang='lat' dir='ltr'>et</span> <span class='ocrx_word' id='word_1_44' title='bbox 986 541 1167 622; x_wconf 86' lang='lat' dir='ltr'>judicatam.</span> 
     </span>
     <span class='ocr_line' id='line_1_6' title="bbox 167 631 1754 723; baseline 0 -25"><span class='ocrx_word' id='word_1_45' title='bbox 167 637 387 719; x_wconf 65' lang='lat' dir='ltr'>qrqaudoeecue.</span> <span class='ocrx_word' id='word_1_46' title='bbox 401 659 443 688; x_wconf 59' lang='lat' dir='ltr'>-e</span> <span class='ocrx_word' id='word_1_47' title='bbox 455 637 588 716; x_wconf 85' lang='lat' dir='ltr'>Objiciee</span> <span class='ocrx_word' id='word_1_48' title='bbox 601 645 707 701; x_wconf 85' lang='lat' dir='ltr'>eutem</span> <span class='ocrx_word' id='word_1_49' title='bbox 727 648 832 702; x_wconf 80' lang='lat' dir='ltr'>contnt</span> <span class='ocrx_word' id='word_1_50' title='bbox 853 641 936 723; x_wconf 93' lang='lat' dir='ltr'>prio-</span> <span class='ocrx_word' id='word_1_51' title='bbox 1029 637 1098 698; x_wconf 79' lang='grc'><strong>159.</strong></span> <span class='ocrx_word' id='word_1_52' title='bbox 1121 633 1185 696; x_wconf 76' lang='lat' dir='ltr'>Lar:</span> <span class='ocrx_word' id='word_1_53' title='bbox 1204 632 1298 714; x_wconf 78' lang='lat' dir='ltr'>mepte</span> <span class='ocrx_word' id='word_1_54' title='bbox 1318 631 1447 694; x_wconf 74' lang='grc'><strong>99199911</strong></span> <span class='ocrx_word' id='word_1_55' title='bbox 1464 633 1519 711; x_wconf 86' lang='lat' dir='ltr'>illi,</span> <span class='ocrx_word' id='word_1_56' title='bbox 1540 633 1593 714; x_wconf 84' lang='lat' dir='ltr'>put</span> <span class='ocrx_word' id='word_1_57' title='bbox 1609 633 1685 714; x_wconf 71' lang='lat' dir='ltr'>lucit</span> <span class='ocrx_word' id='word_1_58' title='bbox 1702 652 1754 698; x_wconf 86' lang='lat' dir='ltr'>uc·</span> 
     </span>
     <span class='ocr_line' id='line_1_7' title="bbox 167 727 1756 812; baseline 0.004 -20"><span class='ocrx_word' id='word_1_59' title='bbox 167 749 234 792; x_wconf 87' lang='lat' dir='ltr'>rem</span> <span class='ocrx_word' id='word_1_60' title='bbox 247 733 370 812; x_wconf 84' lang='lat' dir='ltr'>partem</span> <span class='ocrx_word' id='word_1_61' title='bbox 382 730 590 792; x_wconf 68' lang='lat' dir='ltr'><strong>conclusionis</strong></span> <span class='ocrx_word' id='word_1_62' title='bbox 607 751 614 792; x_wconf 94' lang='lat'><strong>:</strong></span> <span class='ocrx_word' id='word_1_63' title='bbox 625 731 785 796; x_wconf 87' lang='lat' dir='ltr'>Sententia</span> <span class='ocrx_word' id='word_1_64' title='bbox 804 734 867 798; x_wconf 87' lang='lat' dir='ltr'>leta</span> <span class='ocrx_word' id='word_1_65' title='bbox 885 754 936 798; x_wconf 88' lang='lat' dir='ltr'>re·</span> <span class='ocrx_word' id='word_1_66' title='bbox 990 736 1050 790; x_wconf 72' lang='lat' dir='ltr'>tum</span> <span class='ocrx_word' id='word_1_67' title='bbox 1063 746 1100 790; x_wconf 63' lang='lat' dir='ltr'>tx</span> <span class='ocrx_word' id='word_1_68' title='bbox 1113 727 1275 790; x_wconf 69' lang='lat' dir='ltr'>securitate</span> <span class='ocrx_word' id='word_1_69' title='bbox 1286 746 1375 810; x_wconf 69' lang='lat' dir='ltr'>quam</span> <span class='ocrx_word' id='word_1_70' title='bbox 1388 745 1426 790; x_wconf 80' lang='lat' dir='ltr'>oa</span> <span class='ocrx_word' id='word_1_71' title='bbox 1439 727 1597 790; x_wconf 69' lang='lat' dir='ltr'>catamare.</span> <span class='ocrx_word' id='word_1_72' title='bbox 1608 759 1648 775; x_wconf 92' lang='lat'>-·</span> <span class='ocrx_word' id='word_1_73' title='bbox 1656 731 1756 812; x_wconf 76' lang='lat' dir='ltr'>Urgo-</span> 
     </span>
     <span class='ocr_line' id='line_1_8' title="bbox 167 821 1754 908; baseline 0.001 -23"><span class='ocrx_word' id='word_1_74' title='bbox 167 825 291 886; x_wconf 84' lang='lat' dir='ltr'>lraclnri</span> <span class='ocrx_word' id='word_1_75' title='bbox 305 842 369 886; x_wconf 92' lang='lat' dir='ltr'>non</span> <span class='ocrx_word' id='word_1_76' title='bbox 378 827 483 904; x_wconf 87' lang='lat' dir='ltr'>potest</span> <span class='ocrx_word' id='word_1_77' title='bbox 492 825 585 887; x_wconf 87' lang='lat' dir='ltr'>etiam</span> <span class='ocrx_word' id='word_1_78' title='bbox 596 831 721 908; x_wconf 84' lang='lat' dir='ltr'>propter</span> <span class='ocrx_word' id='word_1_79' title='bbox 730 827 935 892; x_wconf 84' lang='lat' dir='ltr'>instrumente</span> <span class='ocrx_word' id='word_1_80' title='bbox 988 821 1047 884; x_wconf 89' lang='lat' dir='ltr'>bis.</span> <span class='ocrx_word' id='word_1_81' title='bbox 1076 823 1183 884; x_wconf 83' lang='lat' dir='ltr'>Stante</span> <span class='ocrx_word' id='word_1_82' title='bbox 1204 821 1264 883; x_wconf 86' lang='lat' dir='ltr'>bac</span> <span class='ocrx_word' id='word_1_83' title='bbox 1287 821 1405 884; x_wconf 90' lang='lat' dir='ltr'>ratione</span> <span class='ocrx_word' id='word_1_84' title='bbox 1427 821 1520 886; x_wconf 87' lang='lat' dir='ltr'>etiem</span> <span class='ocrx_word' id='word_1_85' title='bbox 1540 823 1754 901; x_wconf 81' lang='lat' dir='ltr'>juramentum</span> 
     </span>
     <span class='ocr_line' id='line_1_9' title="bbox 166 915 1751 1003; baseline 0.003 -27"><span class='ocrx_word' id='word_1_86' title='bbox 166 916 205 976; x_wconf 91' lang='lat' dir='ltr'>de</span> <span class='ocrx_word' id='word_1_87' title='bbox 222 934 305 977; x_wconf 81' lang='lat' dir='ltr'>novo</span> <span class='ocrx_word' id='word_1_88' title='bbox 318 922 456 996; x_wconf 86' lang='lat' dir='ltr'>reperte,</span> <span class='ocrx_word' id='word_1_89' title='bbox 470 915 492 978; x_wconf 93' lang='grc'><strong>1.</strong></span> <span class='ocrx_word' id='word_1_90' title='bbox 507 916 572 980; x_wconf 82' lang='lat' dir='ltr'>Sub</span> <span class='ocrx_word' id='word_1_91' title='bbox 584 919 685 1000; x_wconf 84' lang='lat' dir='ltr'>speeie.</span> <span class='ocrx_word' id='word_1_92' title='bbox 701 939 729 984; x_wconf 89' lang='lat' dir='ltr'>c.</span> <span class='ocrx_word' id='word_1_93' title='bbox 750 919 786 984; x_wconf 81' lang='lat' dir='ltr'>de</span> <span class='ocrx_word' id='word_1_94' title='bbox 799 920 842 984; x_wconf 85' lang='lat' dir='ltr'>Re</span> <span class='ocrx_word' id='word_1_95' title='bbox 849 921 935 1003; x_wconf 74' lang='lat' dir='ltr'>jaat-</span> <span class='ocrx_word' id='word_1_96' title='bbox 988 915 1207 992; x_wconf 70' lang='lat' dir='ltr'>voluntarium,</span> <span class='ocrx_word' id='word_1_97' title='bbox 1223 933 1259 976; x_wconf 89' lang='lat' dir='ltr'>ao</span> <span class='ocrx_word' id='word_1_98' title='bbox 1276 915 1434 995; x_wconf 84' lang='lat' dir='ltr'>judiciale,</span> <span class='ocrx_word' id='word_1_99' title='bbox 1458 917 1570 996; x_wconf 90' lang='lat' dir='ltr'>poterit</span> <span class='ocrx_word' id='word_1_100' title='bbox 1589 919 1751 982; x_wconf 71' lang='lat' dir='ltr'>mercuri</span> 
     </span>
     <span class='ocr_line' id='line_1_10' title="bbox 165 1003 1755 1097; baseline 0.003 -27"><span class='ocrx_word' id='word_1_101' title='bbox 165 1016 222 1070; x_wconf 86' lang='lat' dir='ltr'>cut.</span> <span class='ocrx_word' id='word_1_102' title='bbox 238 1015 270 1072; x_wconf 87' lang='lat' dir='ltr'>et</span> <span class='ocrx_word' id='word_1_103' title='bbox 284 1009 377 1084; x_wconf 86' lang='lat' dir='ltr'>alibi;</span> <span class='ocrx_word' id='word_1_104' title='bbox 393 1028 469 1092; x_wconf 80' lang='lat' dir='ltr'>ergo</span> <span class='ocrx_word' id='word_1_105' title='bbox 483 1029 587 1090; x_wconf 87' lang='lat' dir='ltr'>noque</span> <span class='ocrx_word' id='word_1_106' title='bbox 600 1015 753 1076; x_wconf 86' lang='lat' dir='ltr'>sententia</span> <span class='ocrx_word' id='word_1_107' title='bbox 771 1014 836 1077; x_wconf 86' lang='lat' dir='ltr'>leta</span> <span class='ocrx_word' id='word_1_108' title='bbox 855 1033 936 1097; x_wconf 88' lang='lat' dir='ltr'>prue-</span> <span class='ocrx_word' id='word_1_109' title='bbox 988 1027 1044 1090; x_wconf 77' lang='lat' dir='ltr'>per</span> <span class='ocrx_word' id='word_1_110' title='bbox 1057 1009 1259 1070; x_wconf 82' lang='lat' dir='ltr'>instrumenta</span> <span class='ocrx_word' id='word_1_111' title='bbox 1274 1008 1312 1070; x_wconf 83' lang='lat' dir='ltr'>de</span> <span class='ocrx_word' id='word_1_112' title='bbox 1325 1026 1407 1072; x_wconf 89' lang='lat' dir='ltr'>novo</span> <span class='ocrx_word' id='word_1_113' title='bbox 1417 1015 1556 1090; x_wconf 87' lang='lat' dir='ltr'>reperta:</span> <span class='ocrx_word' id='word_1_114' title='bbox 1572 1003 1755 1074; x_wconf 83' lang='lat' dir='ltr'>nemetiam</span> 
     </span>
     <span class='ocr_line' id='line_1_11' title="bbox 166 1103 1749 1186; baseline 0.002 -22"><span class='ocrx_word' id='word_1_115' title='bbox 166 1107 252 1166; x_wconf 81' lang='lat' dir='ltr'>textu</span> <span class='ocrx_word' id='word_1_116' title='bbox 266 1103 336 1164; x_wconf 81' lang='lat' dir='ltr'>falsi</span> <span class='ocrx_word' id='word_1_117' title='bbox 352 1105 518 1182; x_wconf 83' lang='lat' dir='ltr'>juramenti</span> <span class='ocrx_word' id='word_1_118' title='bbox 533 1106 711 1182; x_wconf 86' lang='lat' dir='ltr'>necessarii,</span> <span class='ocrx_word' id='word_1_119' title='bbox 727 1114 835 1171; x_wconf 88' lang='lat' dir='ltr'>contra</span> <span class='ocrx_word' id='word_1_120' title='bbox 847 1108 898 1170; x_wconf 90' lang='lat' dir='ltr'>cit.</span> <span class='ocrx_word' id='word_1_121' title='bbox 910 1108 931 1170; x_wconf 95' lang='grc'><strong>1.</strong></span> <span class='ocrx_word' id='word_1_122' title='bbox 987 1105 1049 1166; x_wconf 86' lang='lat' dir='ltr'>tale</span> <span class='ocrx_word' id='word_1_123' title='bbox 1070 1104 1285 1184; x_wconf 83' lang='lat' dir='ltr'>jurameutum</span> <span class='ocrx_word' id='word_1_124' title='bbox 1308 1109 1355 1164; x_wconf 89' lang='lat' dir='ltr'>est</span> <span class='ocrx_word' id='word_1_125' title='bbox 1377 1103 1518 1182; x_wconf 83' lang='lat' dir='ltr'>probatio</span> <span class='ocrx_word' id='word_1_126' title='bbox 1547 1103 1749 1186; x_wconf 78' lang='lat' dir='ltr'>privilegiata.</span> 
     </span>
     <span class='ocr_line' id='line_1_12' title="bbox 165 1193 1753 1278; baseline 0.001 -20"><span class='ocrx_word' id='word_1_127' title='bbox 165 1193 361 1259; x_wconf 80' lang='lat' dir='ltr'>Adrnonendi.</span> <span class='ocrx_word' id='word_1_128' title='bbox 381 1199 475 1278; x_wconf 87' lang='lat' dir='ltr'>ltcsp.</span> <span class='ocrx_word' id='word_1_129' title='bbox 495 1217 566 1260; x_wconf 90' lang='lat' dir='ltr'>cum</span> <span class='ocrx_word' id='word_1_130' title='bbox 590 1199 696 1262; x_wconf 84' lang='lat' dir='ltr'>Glossa</span> <span class='ocrx_word' id='word_1_131' title='bbox 719 1199 769 1262; x_wconf 90' lang='lat' dir='ltr'>bio</span> <span class='ocrx_word' id='word_1_132' title='bbox 793 1203 825 1278; x_wconf 72' lang='lat' dir='ltr'>t.</span> <span class='ocrx_word' id='word_1_133' title='bbox 849 1199 933 1264; x_wconf 85' lang='lat' dir='ltr'>Noua</span> <span class='ocrx_word' id='word_1_134' title='bbox 989 1197 1187 1276; x_wconf 80' lang='lat' dir='ltr'>Consequens</span> <span class='ocrx_word' id='word_1_135' title='bbox 1221 1201 1268 1258; x_wconf 88' lang='lat' dir='ltr'>ost</span> <span class='ocrx_word' id='word_1_136' title='bbox 1301 1198 1410 1258; x_wconf 80' lang='grc'><strong>999199</strong></span> <span class='ocrx_word' id='word_1_137' title='bbox 1443 1196 1685 1271; x_wconf 77' lang='lat' dir='ltr'>conclusionem,</span> <span class='ocrx_word' id='word_1_138' title='bbox 1721 1205 1753 1262; x_wconf 91' lang='lat' dir='ltr'>et</span> 
     </span>
     <span class='ocr_line' id='line_1_13' title="bbox 165 1287 1751 1373; baseline 0 -23"><span class='ocrx_word' id='word_1_139' title='bbox 165 1291 380 1364; x_wconf 79' lang='lat' dir='ltr'>imtrnmentu,</span> <span class='ocrx_word' id='word_1_140' title='bbox 405 1291 596 1354; x_wconf 73' lang='lat' dir='ltr'>antecedens</span> <span class='ocrx_word' id='word_1_141' title='bbox 619 1293 803 1373; x_wconf 67' lang='lat' dir='ltr'><strong>regulariter</strong></span> <span class='ocrx_word' id='word_1_142' title='bbox 826 1311 936 1373; x_wconf 86' lang='lat' dir='ltr'>prooe-</span> <span class='ocrx_word' id='word_1_143' title='bbox 988 1291 1095 1352; x_wconf 76' lang='grc'><strong>99999</strong></span> <span class='ocrx_word' id='word_1_144' title='bbox 1108 1288 1130 1351; x_wconf 92' lang='lat' dir='ltr'>l.</span> <span class='ocrx_word' id='word_1_145' title='bbox 1148 1287 1341 1351; x_wconf 79' lang='lat' dir='ltr'>Admonendr‘.</span> <span class='ocrx_word' id='word_1_146' title='bbox 1365 1288 1383 1367; x_wconf 65' lang='grc' dir='ltr'><strong>ξ</strong></span> <span class='ocrx_word' id='word_1_147' title='bbox 1404 1289 1459 1351; x_wconf 90' lang='lat' dir='ltr'>fin.</span> <span class='ocrx_word' id='word_1_148' title='bbox 1483 1289 1515 1351; x_wconf 87' lang='lat' dir='ltr'>lr.</span> <span class='ocrx_word' id='word_1_149' title='bbox 1543 1299 1564 1352; x_wconf 88' lang='lat' dir='ltr'>t.</span> <span class='ocrx_word' id='word_1_150' title='bbox 1589 1295 1620 1352; x_wconf 88' lang='lat' dir='ltr'>ot</span> <span class='ocrx_word' id='word_1_151' title='bbox 1642 1293 1751 1354; x_wconf 85' lang='lat' dir='ltr'>contra</span> 
     </span>
     <span class='ocr_line' id='line_1_14' title="bbox 163 1381 1751 1466; baseline 0.001 -22"><span class='ocrx_word' id='word_1_152' title='bbox 163 1383 251 1458; x_wconf 83' lang='lat' dir='ltr'>dore,</span> <span class='ocrx_word' id='word_1_153' title='bbox 269 1383 395 1463; x_wconf 84' lang='lat' dir='ltr'>quando</span> <span class='ocrx_word' id='word_1_154' title='bbox 411 1383 509 1446; x_wconf 74' lang='lat' dir='ltr'>lentur</span> <span class='ocrx_word' id='word_1_155' title='bbox 523 1385 588 1444; x_wconf 87' lang='lat' dir='ltr'>sola</span> <span class='ocrx_word' id='word_1_156' title='bbox 603 1387 776 1460; x_wconf 87' lang='lat' dir='ltr'>seutentia;</span> <span class='ocrx_word' id='word_1_157' title='bbox 792 1405 894 1462; x_wconf 88' lang='lat' dir='ltr'>secus,</span> <span class='ocrx_word' id='word_1_158' title='bbox 908 1389 934 1450; x_wconf 84' lang='lat' dir='ltr'>ei</span> <span class='ocrx_word' id='word_1_159' title='bbox 984 1381 1009 1447; x_wconf 92' lang='lat' dir='ltr'>l.</span> <span class='ocrx_word' id='word_1_160' title='bbox 1038 1387 1061 1446; x_wconf 90' lang='lat' dir='ltr'>l.</span> <span class='ocrx_word' id='word_1_161' title='bbox 1090 1402 1117 1446; x_wconf 90' lang='lat' dir='ltr'>c.</span> <span class='ocrx_word' id='word_1_162' title='bbox 1146 1382 1182 1445; x_wconf 84' lang='lat' dir='ltr'>de</span> <span class='ocrx_word' id='word_1_163' title='bbox 1209 1381 1280 1445; x_wconf 81' lang='grc'><strong>1191.</strong></span> <span class='ocrx_word' id='word_1_164' title='bbox 1307 1381 1407 1446; x_wconf 83' lang='lat' dir='ltr'>credit.</span> <span class='ocrx_word' id='word_1_165' title='bbox 1437 1401 1523 1464; x_wconf 85' lang='lat' dir='ltr'>ergo.</span> <span class='ocrx_word' id='word_1_166' title='bbox 1552 1385 1645 1466; x_wconf 86' lang='lat' dir='ltr'>Resp.</span> <span class='ocrx_word' id='word_1_167' title='bbox 1679 1403 1751 1450; x_wconf 88' lang='lat' dir='ltr'>oum</span> 
     </span>
     <span class='ocr_line' id='line_1_15' title="bbox 164 1473 1751 1558; baseline 0.001 -20"><span class='ocrx_word' id='word_1_168' title='bbox 164 1485 196 1540; x_wconf 85' lang='lat' dir='ltr'>ct</span> <span class='ocrx_word' id='word_1_169' title='bbox 218 1478 374 1540; x_wconf 87' lang='lat' dir='ltr'>sententia</span> <span class='ocrx_word' id='word_1_170' title='bbox 401 1479 484 1556; x_wconf 87' lang='lat' dir='ltr'>lata,</span> <span class='ocrx_word' id='word_1_171' title='bbox 519 1483 549 1540; x_wconf 88' lang='lat' dir='ltr'>ot</span> <span class='ocrx_word' id='word_1_172' title='bbox 576 1478 790 1558; x_wconf 84' lang='lat' dir='ltr'>juramentum</span> <span class='ocrx_word' id='word_1_173' title='bbox 821 1481 934 1547; x_wconf 84' lang='lat' dir='ltr'>laisum</span> <span class='ocrx_word' id='word_1_174' title='bbox 987 1477 1101 1539; x_wconf 83' lang='lat' dir='ltr'>tasone</span> <span class='ocrx_word' id='word_1_175' title='bbox 1125 1473 1185 1536; x_wconf 89' lang='lat' dir='ltr'>loo.</span> <span class='ocrx_word' id='word_1_176' title='bbox 1213 1474 1279 1552; x_wconf 78' lang='lat' dir='ltr'>cit,</span> <span class='ocrx_word' id='word_1_177' title='bbox 1308 1494 1339 1538; x_wconf 93' lang='lat' dir='ltr'>n.</span> <span class='ocrx_word' id='word_1_178' title='bbox 1368 1479 1418 1550; x_wconf 78' lang='lat' dir='ltr'>tl,</span> <span class='ocrx_word' id='word_1_179' title='bbox 1449 1493 1521 1557; x_wconf 79' lang='lat' dir='ltr'>neg.</span> <span class='ocrx_word' id='word_1_180' title='bbox 1550 1494 1616 1558; x_wconf 88' lang='lat' dir='ltr'>seq.</span> <span class='ocrx_word' id='word_1_181' title='bbox 1651 1477 1751 1558; x_wconf 76' lang='lat' dir='ltr'>majo</span> 
     </span>
     <span class='ocr_line' id='line_1_16' title="bbox 165 1567 1752 1652; baseline 0.001 -20"><span class='ocrx_word' id='word_1_182' title='bbox 165 1571 341 1651; x_wconf 80' lang='lat' dir='ltr'>praestitum</span> <span class='ocrx_word' id='word_1_183' title='bbox 353 1571 429 1634; x_wconf 80' lang='lat' dir='ltr'>brit:</span> <span class='ocrx_word' id='word_1_184' title='bbox 451 1589 524 1632; x_wconf 87' lang='lat' dir='ltr'>nam</span> <span class='ocrx_word' id='word_1_185' title='bbox 546 1577 620 1634; x_wconf 90' lang='lat' dir='ltr'>tunc</span> <span class='ocrx_word' id='word_1_186' title='bbox 639 1577 741 1652; x_wconf 88' lang='lat' dir='ltr'>potest</span> <span class='ocrx_word' id='word_1_187' title='bbox 761 1577 932 1649; x_wconf 83' lang='lat' dir='ltr'>retractent,</span> <span class='ocrx_word' id='word_1_188' title='bbox 988 1568 1030 1630; x_wconf 86' lang='lat' dir='ltr'>rie</span> <span class='ocrx_word' id='word_1_189' title='bbox 1045 1585 1116 1630; x_wconf 90' lang='lat' dir='ltr'>cum</span> <span class='ocrx_word' id='word_1_190' title='bbox 1136 1585 1193 1628; x_wconf 88' lang='lat' dir='ltr'>sua</span> <span class='ocrx_word' id='word_1_191' title='bbox 1216 1567 1407 1646; x_wconf 88' lang='lat' dir='ltr'>probatione.</span> <span class='ocrx_word' id='word_1_192' title='bbox 1432 1569 1590 1649; x_wconf 86' lang='lat' dir='ltr'>Siquidem</span> <span class='ocrx_word' id='word_1_193' title='bbox 1613 1571 1645 1634; x_wconf 90' lang='lat' dir='ltr'>in</span> <span class='ocrx_word' id='word_1_194' title='bbox 1658 1573 1752 1651; x_wconf 82' lang='lat' dir='ltr'>jura·</span> 
     </span>
     <span class='ocr_line' id='line_1_17' title="bbox 165 1661 1751 1748; baseline 0 -20"><span class='ocrx_word' id='word_1_195' title='bbox 165 1665 493 1746; x_wconf 79' lang='lat' dir='ltr'>estquehoospocialo,</span> <span class='ocrx_word' id='word_1_196' title='bbox 501 1665 594 1747; x_wconf 91' lang='lat' dir='ltr'>idque</span> <span class='ocrx_word' id='word_1_197' title='bbox 604 1666 635 1728; x_wconf 93' lang='lat' dir='ltr'>in</span> <span class='ocrx_word' id='word_1_198' title='bbox 643 1667 931 1748; x_wconf 73' lang='lat' dir='ltr'>odiumpeJ&#39;erantis‚</span> <span class='ocrx_word' id='word_1_199' title='bbox 988 1667 1093 1724; x_wconf 88' lang='lat' dir='ltr'>mento</span> <span class='ocrx_word' id='word_1_200' title='bbox 1118 1661 1292 1723; x_wconf 85' lang='lat' dir='ltr'>necessario</span> <span class='ocrx_word' id='word_1_201' title='bbox 1320 1661 1372 1724; x_wconf 88' lang='lat' dir='ltr'>illa</span> <span class='ocrx_word' id='word_1_202' title='bbox 1396 1663 1537 1742; x_wconf 86' lang='lat' dir='ltr'>probatio</span> <span class='ocrx_word' id='word_1_203' title='bbox 1558 1664 1751 1745; x_wconf 82' lang='lat' dir='ltr'>privilegiata</span> 
     </span>
     <span class='ocr_line' id='line_1_18' title="bbox 204 1755 1753 1840; baseline 0.002 -25"><span class='ocrx_word' id='word_1_204' title='bbox 204 1757 322 1818; x_wconf 88' lang='lat' dir='ltr'>Verum</span> <span class='ocrx_word' id='word_1_205' title='bbox 342 1757 423 1820; x_wconf 87' lang='lat' dir='ltr'>banc</span> <span class='ocrx_word' id='word_1_206' title='bbox 444 1758 560 1820; x_wconf 79' lang='lat' dir='ltr'>Glossre</span> <span class='ocrx_word' id='word_1_207' title='bbox 582 1759 768 1821; x_wconf 86' lang='lat' dir='ltr'>solutionem</span> <span class='ocrx_word' id='word_1_208' title='bbox 789 1761 935 1840; x_wconf 83' lang='lat' dir='ltr'>reprobat</span> <span class='ocrx_word' id='word_1_209' title='bbox 987 1755 1125 1836; x_wconf 86' lang='lat' dir='ltr'>procedit</span> <span class='ocrx_word' id='word_1_210' title='bbox 1137 1761 1225 1835; x_wconf 88' lang='lat' dir='ltr'>parte</span> <span class='ocrx_word' id='word_1_211' title='bbox 1239 1755 1337 1817; x_wconf 82' lang='lat' dir='ltr'>ultera</span> <span class='ocrx_word' id='word_1_212' title='bbox 1350 1755 1465 1818; x_wconf 88' lang='lat' dir='ltr'>invita:</span> <span class='ocrx_word' id='word_1_213' title='bbox 1486 1775 1576 1819; x_wconf 84' lang='lat' dir='ltr'>secus</span> <span class='ocrx_word' id='word_1_214' title='bbox 1591 1760 1639 1820; x_wconf 86' lang='lat' dir='ltr'>est</span> <span class='ocrx_word' id='word_1_215' title='bbox 1651 1758 1683 1819; x_wconf 92' lang='lat' dir='ltr'>in</span> <span class='ocrx_word' id='word_1_216' title='bbox 1703 1760 1753 1839; x_wconf 84' lang='lat' dir='ltr'>jn-</span> 
     </span>
     <span class='ocr_line' id='line_1_19' title="bbox 161 1848 1751 1933; baseline -0.002 -18"><span class='ocrx_word' id='word_1_217' title='bbox 161 1855 260 1916; x_wconf 83' lang='lat' dir='ltr'>Jeson</span> <span class='ocrx_word' id='word_1_218' title='bbox 281 1853 314 1914; x_wconf 88' lang='lat' dir='ltr'>in</span> <span class='ocrx_word' id='word_1_219' title='bbox 331 1851 455 1933; x_wconf 82' lang='lat' dir='ltr'>Repetit.</span> <span class='ocrx_word' id='word_1_220' title='bbox 481 1853 532 1914; x_wconf 92' lang='lat' dir='ltr'>cit.</span> <span class='ocrx_word' id='word_1_221' title='bbox 557 1853 579 1916; x_wconf 96' lang='grc'><strong>1.</strong></span> <span class='ocrx_word' id='word_1_222' title='bbox 604 1851 798 1916; x_wconf 83' lang='lat' dir='ltr'>Admooondi.</span> <span class='ocrx_word' id='word_1_223' title='bbox 824 1871 855 1917; x_wconf 85' lang='grc' dir='ltr'>ιι.</span> <span class='ocrx_word' id='word_1_224' title='bbox 881 1857 931 1919; x_wconf 78' lang='grc'>37,</span> <span class='ocrx_word' id='word_1_225' title='bbox 987 1853 1127 1910; x_wconf 89' lang='lat' dir='ltr'>ramento</span> <span class='ocrx_word' id='word_1_226' title='bbox 1140 1848 1325 1924; x_wconf 87' lang='lat' dir='ltr'>voluntario,</span> <span class='ocrx_word' id='word_1_227' title='bbox 1340 1866 1376 1910; x_wconf 88' lang='lat' dir='ltr'>ac</span> <span class='ocrx_word' id='word_1_228' title='bbox 1391 1849 1548 1928; x_wconf 76' lang='lat' dir='ltr'>iudiciali3</span> <span class='ocrx_word' id='word_1_229' title='bbox 1573 1851 1647 1931; x_wconf 83' lang='lat' dir='ltr'>quia</span> <span class='ocrx_word' id='word_1_230' title='bbox 1668 1851 1751 1914; x_wconf 91' lang='lat' dir='ltr'>istud</span> 
     </span>
     <span class='ocr_line' id='line_1_20' title="bbox 161 1939 1750 2028; baseline -0.002 -20"><span class='ocrx_word' id='word_1_231' title='bbox 161 1945 595 2028; x_wconf 58' lang='lat' dir='ltr'>minocentaurum,</span> <span class='ocrx_word' id='word_1_232' title='bbox 624 1953 655 2007; x_wconf 90' lang='lat' dir='ltr'>et</span> <span class='ocrx_word' id='word_1_233' title='bbox 686 1944 933 2012; x_wconf 77' lang='lat' dir='ltr'>Alexandrinum</span> <span class='ocrx_word' id='word_1_234' title='bbox 987 1939 1124 2004; x_wconf 83' lang='lat' dir='ltr'>defertur</span> <span class='ocrx_word' id='word_1_235' title='bbox 1142 1959 1178 2002; x_wconf 83' lang='lat' dir='ltr'>ex</span> <span class='ocrx_word' id='word_1_236' title='bbox 1200 1958 1288 2002; x_wconf 85' lang='lat' dir='ltr'>mere</span> <span class='ocrx_word' id='word_1_237' title='bbox 1310 1942 1467 2005; x_wconf 84' lang='lat' dir='ltr'>voluntate</span> <span class='ocrx_word' id='word_1_238' title='bbox 1490 1942 1644 2022; x_wconf 84' lang='lat' dir='ltr'>partium:</span> <span class='ocrx_word' id='word_1_239' title='bbox 1668 1943 1750 2005; x_wconf 87' lang='lat' dir='ltr'>unde</span> 
     </span>
     <span class='ocr_line' id='line_1_21' title="bbox 162 2031 1752 2119; baseline -0.001 -19"><span class='ocrx_word' id='word_1_240' title='bbox 162 2039 255 2116; x_wconf 77' lang='lat' dir='ltr'>ibid,</span> <span class='ocrx_word' id='word_1_241' title='bbox 271 2045 339 2100; x_wconf 86' lang='lat' dir='ltr'>tum</span> <span class='ocrx_word' id='word_1_242' title='bbox 353 2039 426 2118; x_wconf 81' lang='lat' dir='ltr'>quie</span> <span class='ocrx_word' id='word_1_243' title='bbox 438 2037 520 2100; x_wconf 86' lang='lat' dir='ltr'>dicta</span> <span class='ocrx_word' id='word_1_244' title='bbox 534 2038 612 2102; x_wconf 85' lang='lat' dir='ltr'>ratio</span> <span class='ocrx_word' id='word_1_245' title='bbox 626 2055 692 2100; x_wconf 88' lang='lat' dir='ltr'>nou</span> <span class='ocrx_word' id='word_1_246' title='bbox 705 2046 752 2101; x_wconf 87' lang='lat' dir='ltr'>est</span> <span class='ocrx_word' id='word_1_247' title='bbox 766 2042 931 2119; x_wconf 80' lang='lat' dir='ltr'>generalis,</span> <span class='ocrx_word' id='word_1_248' title='bbox 986 2053 1058 2116; x_wconf 87' lang='lat' dir='ltr'>pars</span> <span class='ocrx_word' id='word_1_249' title='bbox 1072 2034 1153 2097; x_wconf 87' lang='lat' dir='ltr'>istud</span> <span class='ocrx_word' id='word_1_250' title='bbox 1168 2031 1310 2097; x_wconf 83' lang='lat' dir='ltr'>deterens</span> <span class='ocrx_word' id='word_1_251' title='bbox 1324 2033 1381 2096; x_wconf 88' lang='lat' dir='ltr'>sibi</span> <span class='ocrx_word' id='word_1_252' title='bbox 1391 2035 1484 2098; x_wconf 89' lang='lat' dir='ltr'>debet</span> <span class='ocrx_word' id='word_1_253' title='bbox 1494 2035 1657 2115; x_wconf 89' lang='lat' dir='ltr'>imputare,</span> <span class='ocrx_word' id='word_1_254' title='bbox 1667 2034 1752 2114; x_wconf 90' lang='lat' dir='ltr'>quod</span> 
     </span>
     <span class='ocr_line' id='line_1_22' title="bbox 162 2127 1751 2212; baseline -0.001 -20"><span class='ocrx_word' id='word_1_255' title='bbox 162 2132 223 2194; x_wconf 90' lang='lat' dir='ltr'>sed</span> <span class='ocrx_word' id='word_1_256' title='bbox 237 2130 393 2212; x_wconf 77' lang='lat' dir='ltr'>restringit</span> <span class='ocrx_word' id='word_1_257' title='bbox 409 2133 528 2193; x_wconf 83' lang='lat' dir='ltr'>textum</span> <span class='ocrx_word' id='word_1_258' title='bbox 546 2129 586 2192; x_wconf 84' lang='lat' dir='ltr'>ad</span> <span class='ocrx_word' id='word_1_259' title='bbox 605 2130 704 2192; x_wconf 86' lang='lat' dir='ltr'>solum</span> <span class='ocrx_word' id='word_1_260' title='bbox 724 2131 932 2212; x_wconf 83' lang='lat' dir='ltr'>juramentum</span> <span class='ocrx_word' id='word_1_261' title='bbox 986 2127 1199 2190; x_wconf 82' lang='lat' dir='ltr'>adversarium</span> <span class='ocrx_word' id='word_1_262' title='bbox 1218 2145 1309 2188; x_wconf 91' lang='lat' dir='ltr'>suum</span> <span class='ocrx_word' id='word_1_263' title='bbox 1328 2127 1360 2187; x_wconf 89' lang='lat' dir='ltr'>in</span> <span class='ocrx_word' id='word_1_264' title='bbox 1382 2127 1507 2208; x_wconf 86' lang='lat' dir='ltr'>propria</span> <span class='ocrx_word' id='word_1_265' title='bbox 1528 2143 1621 2189; x_wconf 84' lang='lat' dir='ltr'>causa</span> <span class='ocrx_word' id='word_1_266' title='bbox 1644 2131 1751 2190; x_wconf 83' lang='lat' dir='ltr'>contm</span> 
     </span>
     <span class='ocr_line' id='line_1_23' title="bbox 162 2220 1753 2306; baseline -0.003 -19"><span class='ocrx_word' id='word_1_267' title='bbox 162 2225 330 2298; x_wconf 89' lang='lat' dir='ltr'>dolosum;</span> <span class='ocrx_word' id='word_1_268' title='bbox 350 2224 399 2285; x_wconf 91' lang='lat' dir='ltr'>cui</span> <span class='ocrx_word' id='word_1_269' title='bbox 420 2229 523 2286; x_wconf 88' lang='lat' dir='ltr'>temen</span> <span class='ocrx_word' id='word_1_270' title='bbox 544 2227 646 2286; x_wconf 85' lang='lat' dir='ltr'>textus</span> <span class='ocrx_word' id='word_1_271' title='bbox 666 2224 817 2306; x_wconf 84' lang='lat' dir='ltr'>allegatus</span> <span class='ocrx_word' id='word_1_272' title='bbox 837 2226 933 2290; x_wconf 90' lang='lat' dir='ltr'>indis-</span> <span class='ocrx_word' id='word_1_273' title='bbox 986 2239 1019 2284; x_wconf 86' lang='lat' dir='ltr'>se</span> <span class='ocrx_word' id='word_1_274' title='bbox 1035 2225 1146 2284; x_wconf 89' lang='lat' dir='ltr'>testem</span> <span class='ocrx_word' id='word_1_275' title='bbox 1160 2220 1361 2296; x_wconf 85' lang='lat' dir='ltr'>constituerit,</span> <span class='ocrx_word' id='word_1_276' title='bbox 1378 2220 1482 2300; x_wconf 88' lang='lat' dir='ltr'>sicque</span> <span class='ocrx_word' id='word_1_277' title='bbox 1497 2220 1682 2282; x_wconf 88' lang='lat' dir='ltr'>seutentiam</span> <span class='ocrx_word' id='word_1_278' title='bbox 1695 2220 1753 2282; x_wconf 84' lang='lat' dir='ltr'>ed·</span> 
     </span>
     <span class='ocr_line' id='line_1_24' title="bbox 162 2313 1750 2396; baseline -0.003 -17"><span class='ocrx_word' id='word_1_279' title='bbox 162 2316 262 2379; x_wconf 71' lang='lat' dir='ltr'>tinae</span> <span class='ocrx_word' id='word_1_280' title='bbox 292 2315 451 2390; x_wconf 88' lang='lat' dir='ltr'>concedat,</span> <span class='ocrx_word' id='word_1_281' title='bbox 480 2317 694 2396; x_wconf 88' lang='lat' dir='ltr'>jurameutum</span> <span class='ocrx_word' id='word_1_282' title='bbox 722 2320 932 2382; x_wconf 87' lang='lat' dir='ltr'>necessarium</span> <span class='ocrx_word' id='word_1_283' title='bbox 985 2333 1093 2376; x_wconf 88' lang='lat' dir='ltr'>vorsus</span> <span class='ocrx_word' id='word_1_284' title='bbox 1120 2331 1153 2376; x_wconf 89' lang='lat' dir='ltr'>se</span> <span class='ocrx_word' id='word_1_285' title='bbox 1180 2313 1275 2376; x_wconf 86' lang='lat' dir='ltr'>latam</span> <span class='ocrx_word' id='word_1_286' title='bbox 1299 2315 1471 2392; x_wconf 86' lang='lat' dir='ltr'>reportarit,</span> <span class='ocrx_word' id='word_1_287' title='bbox 1497 2331 1566 2393; x_wconf 85' lang='lat' dir='ltr'>quae</span> <span class='ocrx_word' id='word_1_288' title='bbox 1587 2313 1750 2376; x_wconf 74' lang='lat' dir='ltr'>reuocari</span> 
     </span>
     <span class='ocr_line' id='line_1_25' title="bbox 159 2405 1752 2489; baseline 0 -21"><span class='ocrx_word' id='word_1_289' title='bbox 159 2424 257 2489; x_wconf 86' lang='lat' dir='ltr'>posse</span> <span class='ocrx_word' id='word_1_290' title='bbox 271 2405 431 2470; x_wconf 88' lang='lat' dir='ltr'>retractari</span> <span class='ocrx_word' id='word_1_291' title='bbox 446 2407 487 2468; x_wconf 95' lang='lat' dir='ltr'>ob</span> <span class='ocrx_word' id='word_1_292' title='bbox 500 2405 703 2470; x_wconf 79' lang='lat' dir='ltr'>metrumenta</span> <span class='ocrx_word' id='word_1_293' title='bbox 721 2409 761 2471; x_wconf 92' lang='lat' dir='ltr'>de</span> <span class='ocrx_word' id='word_1_294' title='bbox 781 2428 861 2473; x_wconf 87' lang='lat' dir='ltr'>novo</span> <span class='ocrx_word' id='word_1_295' title='bbox 882 2431 932 2474; x_wconf 87' lang='lat' dir='ltr'>re·</span> <span class='ocrx_word' id='word_1_296' title='bbox 985 2406 1119 2488; x_wconf 88' lang='lat' dir='ltr'>amplius</span> <span class='ocrx_word' id='word_1_297' title='bbox 1131 2425 1196 2470; x_wconf 92' lang='lat' dir='ltr'>non</span> <span class='ocrx_word' id='word_1_298' title='bbox 1211 2406 1322 2486; x_wconf 84' lang='lat' dir='ltr'>possit:</span> <span class='ocrx_word' id='word_1_299' title='bbox 1339 2425 1412 2469; x_wconf 87' lang='lat' dir='ltr'>nam</span> <span class='ocrx_word' id='word_1_300' title='bbox 1426 2407 1475 2469; x_wconf 90' lang='lat' dir='ltr'>lex</span> <span class='ocrx_word' id='word_1_301' title='bbox 1489 2406 1589 2488; x_wconf 82' lang='lat' dir='ltr'>magis</span> <span class='ocrx_word' id='word_1_302' title='bbox 1608 2405 1752 2468; x_wconf 81' lang='lat' dir='ltr'>subvenit</span> 
     </span>
     <span class='ocr_line' id='line_1_26' title="bbox 162 2498 1751 2585; baseline -0.004 -21"><span class='ocrx_word' id='word_1_303' title='bbox 162 2498 931 2585; x_wconf 76' lang='lat' dir='ltr'>perta,sivequisj11raveritdolose;tumquia</span> <span class='ocrx_word' id='word_1_304' title='bbox 985 2498 1028 2560; x_wconf 91' lang='lat' dir='ltr'>illi</span> <span class='ocrx_word' id='word_1_305' title='bbox 1055 2499 1107 2578; x_wconf 91' lang='lat' dir='ltr'>qui</span> <span class='ocrx_word' id='word_1_306' title='bbox 1134 2499 1208 2560; x_wconf 89' lang='lat' dir='ltr'>lacit</span> <span class='ocrx_word' id='word_1_307' title='bbox 1238 2501 1343 2561; x_wconf 87' lang='lat' dir='ltr'>actum</span> <span class='ocrx_word' id='word_1_308' title='bbox 1367 2519 1403 2561; x_wconf 83' lang='lat' dir='ltr'>ex</span> <span class='ocrx_word' id='word_1_309' title='bbox 1426 2499 1631 2574; x_wconf 74' lang='lat' dir='ltr'>necessitate,</span> <span class='ocrx_word' id='word_1_310' title='bbox 1655 2516 1751 2578; x_wconf 87' lang='lat' dir='ltr'>quam</span> 
     </span>
     <span class='ocr_line' id='line_1_27' title="bbox 159 2593 1795 2680; baseline 0.001 -25"><span class='ocrx_word' id='word_1_311' title='bbox 159 2593 207 2656; x_wconf 93' lang='lat' dir='ltr'>ob</span> <span class='ocrx_word' id='word_1_312' title='bbox 219 2593 362 2655; x_wconf 69' lang='lat' dir='ltr'>eamden</span> <span class='ocrx_word' id='word_1_313' title='bbox 375 2593 539 2666; x_wconf 86' lang='lat' dir='ltr'>rationem,</span> <span class='ocrx_word' id='word_1_314' title='bbox 549 2611 614 2680; x_wconf 85' lang='grc' dir='ltr'>Ι999</span> <span class='ocrx_word' id='word_1_315' title='bbox 627 2593 660 2654; x_wconf 84' lang='grc'>19</span> <span class='ocrx_word' id='word_1_316' title='bbox 670 2593 776 2656; x_wconf 89' lang='lat' dir='ltr'>odium</span> <span class='ocrx_word' id='word_1_317' title='bbox 790 2597 932 2676; x_wconf 87' lang='lat' dir='ltr'>pejeran-</span> <span class='ocrx_word' id='word_1_318' title='bbox 984 2595 1095 2676; x_wconf 92' lang='lat' dir='ltr'>illiqui</span> <span class='ocrx_word' id='word_1_319' title='bbox 1117 2594 1190 2656; x_wconf 88' lang='lat' dir='ltr'>lecit</span> <span class='ocrx_word' id='word_1_320' title='bbox 1211 2594 1435 2673; x_wconf 72' lang='lat' dir='ltr'>extumulata,</span> <span class='ocrx_word' id='word_1_321' title='bbox 1459 2595 1481 2658; x_wconf 94' lang='lat' dir='ltr'>l.</span> <span class='ocrx_word' id='word_1_322' title='bbox 1507 2594 1545 2658; x_wconf 81' lang='lat' dir='ltr'>st</span> <span class='ocrx_word' id='word_1_323' title='bbox 1565 2593 1748 2674; x_wconf 70' lang='lat' dir='ltr'>Fideiussor.</span> <span class='ocrx_word' id='word_1_324' title='bbox 1791 2655 1795 2666; x_wconf 88' lang='grc'>,</span> 
     </span>
     <span class='ocr_line' id='line_1_28' title="bbox 163 2683 1748 2769; baseline 0 -19"><span class='ocrx_word' id='word_1_325' title='bbox 163 2689 217 2768; x_wconf 81' lang='lat' dir='ltr'>tie,</span> <span class='ocrx_word' id='word_1_326' title='bbox 234 2687 329 2749; x_wconf 86' lang='lat' dir='ltr'>etiam</span> <span class='ocrx_word' id='word_1_327' title='bbox 343 2685 471 2749; x_wconf 84' lang='lat' dir='ltr'>deberet</span> <span class='ocrx_word' id='word_1_328' title='bbox 484 2683 575 2768; x_wconf 83' lang='lat' dir='ltr'>posse</span> <span class='ocrx_word' id='word_1_329' title='bbox 594 2688 755 2750; x_wconf 86' lang='lat' dir='ltr'>retractari</span> <span class='ocrx_word' id='word_1_330' title='bbox 771 2691 931 2769; x_wconf 87' lang='lat' dir='ltr'>juramen·</span> <span class='ocrx_word' id='word_1_331' title='bbox 984 2689 1002 2768; x_wconf 70' lang='lat'>5</span> <span class='ocrx_word' id='word_1_332' title='bbox 1015 2687 1053 2752; x_wconf 84' lang='lat' dir='ltr'>Si</span> <span class='ocrx_word' id='word_1_333' title='bbox 1064 2687 1233 2751; x_wconf 70' lang='lat' dir='ltr'>necessario.</span> <span class='ocrx_word' id='word_1_334' title='bbox 1249 2687 1281 2750; x_wconf 85' lang='lat' dir='ltr'>ff.</span> <span class='ocrx_word' id='word_1_335' title='bbox 1300 2687 1373 2764; x_wconf 84' lang='lat' dir='ltr'>Quia</span> <span class='ocrx_word' id='word_1_336' title='bbox 1386 2686 1527 2750; x_wconf 73' lang='lat' dir='ltr'>ratzidum</span> <span class='ocrx_word' id='word_1_337' title='bbox 1540 2695 1694 2768; x_wconf 76' lang='lat' dir='ltr'>coquntur.</span> <span class='ocrx_word' id='word_1_338' title='bbox 1716 2690 1748 2750; x_wconf 87' lang='lat' dir='ltr'>et</span> 
     </span>
     <span class='ocr_line' id='line_1_29' title="bbox 160 2779 1749 2864; baseline -0.001 -20"><span class='ocrx_word' id='word_1_339' title='bbox 160 2789 232 2844; x_wconf 91' lang='lat' dir='ltr'>tum</span> <span class='ocrx_word' id='word_1_340' title='bbox 255 2780 480 2856; x_wconf 82' lang='lat' dir='ltr'>voluntarium,</span> <span class='ocrx_word' id='word_1_341' title='bbox 507 2784 601 2861; x_wconf 84' lang='lat' dir='ltr'>etque</span> <span class='ocrx_word' id='word_1_342' title='bbox 621 2779 780 2862; x_wconf 85' lang='lat' dir='ltr'>judiciale,</span> <span class='ocrx_word' id='word_1_343' title='bbox 804 2785 944 2861; x_wconf 56' lang='lat' dir='ltr'>propter,</span> <span class='ocrx_word' id='word_1_344' title='bbox 985 2800 1013 2842; x_wconf 93' lang='lat' dir='ltr'>c.</span> <span class='ocrx_word' id='word_1_345' title='bbox 1028 2781 1076 2843; x_wconf 79' lang='lat' dir='ltr'>At</span> <span class='ocrx_word' id='word_1_346' title='bbox 1089 2781 1221 2859; x_wconf 80' lang='lat' dir='ltr'>arbitris,</span> <span class='ocrx_word' id='word_1_347' title='bbox 1234 2781 1344 2860; x_wconf 83' lang='lat' dir='ltr'>juncta</span> <span class='ocrx_word' id='word_1_348' title='bbox 1359 2781 1465 2844; x_wconf 85' lang='lat' dir='ltr'>Glosse</span> <span class='ocrx_word' id='word_1_349' title='bbox 1478 2779 1749 2864; x_wconf 58' lang='lat' dir='ltr'>talppellcndum.</span> 
     </span>
     <span class='ocr_line' id='line_1_30' title="bbox 159 2871 1370 2955; baseline -0.001 -19"><span class='ocrx_word' id='word_1_350' title='bbox 159 2875 369 2938; x_wconf 83' lang='lat' dir='ltr'>iustrumenta</span> <span class='ocrx_word' id='word_1_351' title='bbox 391 2871 430 2936; x_wconf 88' lang='lat' dir='ltr'>do</span> <span class='ocrx_word' id='word_1_352' title='bbox 449 2891 529 2936; x_wconf 76' lang='lat' dir='ltr'>novo</span> <span class='ocrx_word' id='word_1_353' title='bbox 551 2880 694 2954; x_wconf 63' lang='lat' dir='ltr'>raperem</span> <span class='ocrx_word' id='word_1_354' title='bbox 720 2875 804 2954; x_wconf 90' lang='lat' dir='ltr'>qnod</span> <span class='ocrx_word' id='word_1_355' title='bbox 824 2879 931 2938; x_wconf 77' lang='lat' dir='ltr'>tamma</span> <span class='ocrx_word' id='word_1_356' title='bbox 984 2873 1028 2936; x_wconf 88' lang='lat' dir='ltr'>De</span> <span class='ocrx_word' id='word_1_357' title='bbox 1041 2872 1123 2955; x_wconf 74' lang='lat' dir='ltr'>offic.</span> <span class='ocrx_word' id='word_1_358' title='bbox 1139 2872 1263 2954; x_wconf 77' lang='lat' dir='ltr'>doloput.</span> <span class='ocrx_word' id='word_1_359' title='bbox 1281 2873 1323 2935; x_wconf 90' lang='lat' dir='ltr'>iu.</span> <span class='ocrx_word' id='word_1_360' title='bbox 1339 2877 1370 2936; x_wconf 95' lang='grc'>6.</span> 
     </span>
     <span class='ocr_line' id='line_1_31' title="bbox 160 2965 1751 3048; baseline 0 -20"><span class='ocrx_word' id='word_1_361' title='bbox 160 2971 214 3030; x_wconf 82' lang='grc'>991</span> <span class='ocrx_word' id='word_1_362' title='bbox 227 2970 335 3030; x_wconf 85' lang='lat' dir='ltr'>contra</span> <span class='ocrx_word' id='word_1_363' title='bbox 348 2967 367 3046; x_wconf 67' lang='grc' dir='ltr'><strong>ἓ</strong></span> <span class='ocrx_word' id='word_1_364' title='bbox 378 2965 433 3029; x_wconf 88' lang='lat' dir='ltr'>fin.</span> <span class='ocrx_word' id='word_1_365' title='bbox 450 2966 501 3028; x_wconf 89' lang='lat' dir='ltr'>cit.</span> <span class='ocrx_word' id='word_1_366' title='bbox 516 2966 578 3047; x_wconf 83' lang='lat' dir='ltr'>leg.</span> <span class='ocrx_word' id='word_1_367' title='bbox 1025 2969 1093 3029; x_wconf 84' lang='grc'><strong>153.</strong></span> <span class='ocrx_word' id='word_1_368' title='bbox 1113 2966 1232 3027; x_wconf 83' lang='lat' dir='ltr'>Dentur</span> <span class='ocrx_word' id='word_1_369' title='bbox 1249 2966 1344 3048; x_wconf 72' lang='lat' dir='ltr'>oloqui</span> <span class='ocrx_word' id='word_1_370' title='bbox 1361 2985 1461 3044; x_wconf 74' lang='grc'><strong>99999,</strong></span> <span class='ocrx_word' id='word_1_371' title='bbox 1485 2967 1517 3029; x_wconf 80' lang='lat' dir='ltr'>in</span> <span class='ocrx_word' id='word_1_372' title='bbox 1537 2967 1642 3048; x_wconf 73' lang='lat' dir='ltr'>quidm</span> <span class='ocrx_word' id='word_1_373' title='bbox 1657 2967 1751 3048; x_wconf 82' lang='lat' dir='ltr'>jora-</span> 
     </span>
     <span class='ocr_line' id='line_1_32' title="bbox 203 3056 1749 3143; baseline 0.001 -21"><span class='ocrx_word' id='word_1_374' title='bbox 203 3064 273 3122; x_wconf 87' lang='lat' dir='ltr'>l5l.</span> <span class='ocrx_word' id='word_1_375' title='bbox 297 3056 436 3122; x_wconf 83' lang='lat' dir='ltr'>Prodatio</span> <span class='ocrx_word' id='word_1_376' title='bbox 454 3058 655 3142; x_wconf 74' lang='lat' dir='ltr'>privileqioto,</span> <span class='ocrx_word' id='word_1_377' title='bbox 678 3059 767 3142; x_wconf 78' lang='lat' dir='ltr'>quc?</span> <span class='ocrx_word' id='word_1_378' title='bbox 780 3061 930 3126; x_wconf 77' lang='lat' dir='ltr'>Sententia</span> <span class='ocrx_word' id='word_1_379' title='bbox 983 3067 1110 3120; x_wconf 72' lang='lat' dir='ltr'>meamne</span> <span class='ocrx_word' id='word_1_380' title='bbox 1123 3057 1210 3120; x_wconf 86' lang='lat' dir='ltr'>etiarn</span> <span class='ocrx_word' id='word_1_381' title='bbox 1219 3059 1415 3122; x_wconf 66' lang='lat' dir='ltr'>voluntarium</span> <span class='ocrx_word' id='word_1_382' title='bbox 1425 3059 1749 3143; x_wconf 66' lang='lat' dir='ltr'>ajarniacecoqotto</span> 
     </span>
     <span class='ocr_line' id='line_1_33' title="bbox 158 3152 1749 3241; baseline 0.001 -25"><span class='ocrx_word' id='word_1_383' title='bbox 158 3155 225 3216; x_wconf 79' lang='lat' dir='ltr'>tata</span> <span class='ocrx_word' id='word_1_384' title='bbox 253 3173 308 3236; x_wconf 84' lang='lat' dir='ltr'>per</span> <span class='ocrx_word' id='word_1_385' title='bbox 329 3153 514 3236; x_wconf 80' lang='lat' dir='ltr'>probationes</span> <span class='ocrx_word' id='word_1_386' title='bbox 539 3155 754 3237; x_wconf 76' lang='lat' dir='ltr'>privilepiotue‚</span> <span class='ocrx_word' id='word_1_387' title='bbox 783 3177 930 3241; x_wconf 59' lang='lat' dir='ltr'>numam</span> <span class='ocrx_word' id='word_1_388' title='bbox 983 3153 1030 3214; x_wconf 82' lang='lat' dir='ltr'>rei</span> <span class='ocrx_word' id='word_1_389' title='bbox 1041 3153 1160 3217; x_wconf 83' lang='lat' dir='ltr'>veritate</span> <span class='ocrx_word' id='word_1_390' title='bbox 1180 3159 1367 3215; x_wconf 82' lang='lat' dir='ltr'>retractatur.</span> <span class='ocrx_word' id='word_1_391' title='bbox 1389 3152 1594 3215; x_wconf 72' lang='lat' dir='ltr'>duramentum</span> <span class='ocrx_word' id='word_1_392' title='bbox 1614 3154 1749 3218; x_wconf 81' lang='lat' dir='ltr'>colunto·</span> 
     </span>
     <span class='ocr_line' id='line_1_34' title="bbox 157 3245 1749 3331; baseline 0.001 -25"><span class='ocrx_word' id='word_1_393' title='bbox 157 3246 271 3310; x_wconf 70' lang='lat' dir='ltr'>trusit</span> <span class='ocrx_word' id='word_1_394' title='bbox 297 3247 328 3308; x_wconf 79' lang='lat' dir='ltr'>in</span> <span class='ocrx_word' id='word_1_395' title='bbox 350 3265 412 3308; x_wconf 83' lang='lat' dir='ltr'>rem</span> <span class='ocrx_word' id='word_1_396' title='bbox 424 3247 603 3329; x_wconf 72' lang='lat' dir='ltr'>jactatam.</span> <span class='ocrx_word' id='word_1_397' title='bbox 632 3280 667 3294; x_wconf 96' lang='lat'><em>-</em></span> <span class='ocrx_word' id='word_1_398' title='bbox 689 3249 799 3312; x_wconf 87' lang='lat' dir='ltr'>Melius</span> <span class='ocrx_word' id='word_1_399' title='bbox 825 3251 930 3331; x_wconf 83' lang='lat' dir='ltr'>itaque</span> <span class='ocrx_word' id='word_1_400' title='bbox 983 3249 1061 3311; x_wconf 65' lang='lat' dir='ltr'>mum</span> <span class='ocrx_word' id='word_1_401' title='bbox 1075 3266 1109 3308; x_wconf 87' lang='lat' dir='ltr'>oc</span> <span class='ocrx_word' id='word_1_402' title='bbox 1121 3245 1260 3326; x_wconf 81' lang='lat' dir='ltr'>judiciale</span> <span class='ocrx_word' id='word_1_403' title='bbox 1269 3245 1401 3326; x_wconf 83' lang='lat' dir='ltr'>procedit</span> <span class='ocrx_word' id='word_1_404' title='bbox 1420 3245 1569 3310; x_wconf 71' lang='lat' dir='ltr'>duntaxat</span> <span class='ocrx_word' id='word_1_405' title='bbox 1589 3246 1686 3329; x_wconf 82' lang='lat' dir='ltr'>quood</span> <span class='ocrx_word' id='word_1_406' title='bbox 1699 3248 1749 3328; x_wconf 80' lang='lat' dir='ltr'>ju·</span> 
     </span>
     <span class='ocr_line' id='line_1_35' title="bbox 160 3339 1749 3425; baseline 0.003 -23"><span class='ocrx_word' id='word_1_407' title='bbox 160 3339 370 3420; x_wconf 86' lang='lat' dir='ltr'>respondetur</span> <span class='ocrx_word' id='word_1_408' title='bbox 383 3357 454 3401; x_wconf 89' lang='lat' dir='ltr'>cum</span> <span class='ocrx_word' id='word_1_409' title='bbox 470 3339 649 3404; x_wconf 89' lang='lat' dir='ltr'>doctoribus</span> <span class='ocrx_word' id='word_1_410' title='bbox 662 3343 801 3422; x_wconf 84' lang='lat' dir='ltr'>proxime</span> <span class='ocrx_word' id='word_1_411' title='bbox 816 3345 927 3425; x_wconf 89' lang='lat' dir='ltr'>citatis,</span> <span class='ocrx_word' id='word_1_412' title='bbox 983 3351 1107 3418; x_wconf 78' lang='lat' dir='ltr'>ructent,</span> <span class='ocrx_word' id='word_1_413' title='bbox 1122 3350 1150 3404; x_wconf 89' lang='lat' dir='ltr'>et</span> <span class='ocrx_word' id='word_1_414' title='bbox 1161 3341 1360 3422; x_wconf 82' lang='lat' dir='ltr'>juramentum</span> <span class='ocrx_word' id='word_1_415' title='bbox 1373 3339 1638 3422; x_wconf 79' lang='lat' dir='ltr'>deserentem;non</span> <span class='ocrx_word' id='word_1_416' title='bbox 1651 3343 1749 3424; x_wconf 81' lang='lat' dir='ltr'>quood</span> 
     </span>
     <span class='ocr_line' id='line_1_36' title="bbox 160 3433 1747 3518; baseline -0.001 -20"><span class='ocrx_word' id='word_1_417' title='bbox 160 3433 370 3498; x_wconf 82' lang='lat' dir='ltr'>etblesoardo</span> <span class='ocrx_word' id='word_1_418' title='bbox 391 3433 422 3496; x_wconf 91' lang='lat' dir='ltr'>d.</span> <span class='ocrx_word' id='word_1_419' title='bbox 446 3435 544 3497; x_wconf 88' lang='lat' dir='ltr'>concl.</span> <span class='ocrx_word' id='word_1_420' title='bbox 569 3439 639 3499; x_wconf 87' lang='grc'><strong>956.</strong></span> <span class='ocrx_word' id='word_1_421' title='bbox 664 3455 696 3499; x_wconf 89' lang='grc'>9.</span> <span class='ocrx_word' id='word_1_422' title='bbox 721 3440 751 3500; x_wconf 89' lang='grc'>9.</span> <span class='ocrx_word' id='word_1_423' title='bbox 776 3437 929 3518; x_wconf 83' lang='lat' dir='ltr'>allegante</span> <span class='ocrx_word' id='word_1_424' title='bbox 983 3445 1146 3498; x_wconf 72' lang='lat' dir='ltr'>cananeus.</span> <span class='ocrx_word' id='word_1_425' title='bbox 1161 3465 1201 3480; x_wconf 93' lang='lat'>-</span> <span class='ocrx_word' id='word_1_426' title='bbox 1221 3433 1313 3515; x_wconf 87' lang='lat' dir='ltr'>Resp.</span> <span class='ocrx_word' id='word_1_427' title='bbox 1336 3434 1387 3498; x_wconf 83' lang='lat' dir='ltr'>IV.</span> <span class='ocrx_word' id='word_1_428' title='bbox 1407 3436 1526 3496; x_wconf 85' lang='lat' dir='ltr'>Dantur</span> <span class='ocrx_word' id='word_1_429' title='bbox 1543 3433 1747 3498; x_wconf 87' lang='lat' dir='ltr'>nibilominus</span> 
     </span>
     <span class='ocr_line' id='line_1_37' title="bbox 157 3526 1748 3609; baseline -0.001 -18"><span class='ocrx_word' id='word_1_430' title='bbox 157 3531 251 3604; x_wconf 86' lang='lat' dir='ltr'>alios,</span> <span class='ocrx_word' id='word_1_431' title='bbox 266 3526 410 3609; x_wconf 80' lang='lat' dir='ltr'>negando</span> <span class='ocrx_word' id='word_1_432' title='bbox 421 3529 685 3608; x_wconf 84' lang='lat' dir='ltr'>consequentiam.</span> <span class='ocrx_word' id='word_1_433' title='bbox 696 3529 786 3606; x_wconf 84' lang='lat' dir='ltr'>Nem,</span> <span class='ocrx_word' id='word_1_434' title='bbox 798 3529 850 3593; x_wconf 90' lang='lat' dir='ltr'>ubi</span> <span class='ocrx_word' id='word_1_435' title='bbox 862 3550 930 3596; x_wconf 90' lang='lat' dir='ltr'>sen·</span> <span class='ocrx_word' id='word_1_436' title='bbox 983 3529 1078 3608; x_wconf 85' lang='lat' dir='ltr'><strong>aliqui</strong></span> <span class='ocrx_word' id='word_1_437' title='bbox 1095 3545 1207 3602; x_wconf 85' lang='lat' dir='ltr'>cesus,</span> <span class='ocrx_word' id='word_1_438' title='bbox 1232 3528 1263 3590; x_wconf 91' lang='lat' dir='ltr'>in</span> <span class='ocrx_word' id='word_1_439' title='bbox 1282 3527 1400 3608; x_wconf 82' lang='lat' dir='ltr'>quibus</span> <span class='ocrx_word' id='word_1_440' title='bbox 1419 3528 1630 3607; x_wconf 71' lang='lat' dir='ltr'>iuramentum</span> <span class='ocrx_word' id='word_1_441' title='bbox 1653 3527 1748 3590; x_wconf 80' lang='lat' dir='ltr'>etiem</span> 
     </span>
     <span class='ocr_line' id='line_1_38' title="bbox 157 3619 1747 3702; baseline -0.001 -18"><span class='ocrx_word' id='word_1_442' title='bbox 157 3620 261 3684; x_wconf 89' lang='lat' dir='ltr'>tentia</span> <span class='ocrx_word' id='word_1_443' title='bbox 274 3627 321 3682; x_wconf 87' lang='lat' dir='ltr'>est</span> <span class='ocrx_word' id='word_1_444' title='bbox 335 3619 397 3680; x_wconf 90' lang='lat' dir='ltr'>lata</span> <span class='ocrx_word' id='word_1_445' title='bbox 412 3626 563 3700; x_wconf 76' lang='lat' dir='ltr'>praetextu</span> <span class='ocrx_word' id='word_1_446' title='bbox 569 3621 738 3702; x_wconf 81' lang='lat' dir='ltr'>juramenti</span> <span class='ocrx_word' id='word_1_447' title='bbox 750 3625 928 3701; x_wconf 83' lang='lat' dir='ltr'>necessarii,</span> <span class='ocrx_word' id='word_1_448' title='bbox 982 3621 1202 3696; x_wconf 83' lang='lat' dir='ltr'>voluntarium,</span> <span class='ocrx_word' id='word_1_449' title='bbox 1214 3639 1249 3682; x_wconf 86' lang='lat' dir='ltr'>ec</span> <span class='ocrx_word' id='word_1_450' title='bbox 1260 3621 1409 3700; x_wconf 87' lang='lat' dir='ltr'>judiciale</span> <span class='ocrx_word' id='word_1_451' title='bbox 1431 3637 1494 3682; x_wconf 91' lang='lat' dir='ltr'>non</span> <span class='ocrx_word' id='word_1_452' title='bbox 1517 3621 1665 3701; x_wconf 86' lang='lat' dir='ltr'>procedit,</span> <span class='ocrx_word' id='word_1_453' title='bbox 1691 3621 1747 3682; x_wconf 92' lang='lat' dir='ltr'>sed</span> 
     </span>
     <span class='ocr_line' id='line_1_39' title="bbox 159 3711 1747 3800; baseline -0.001 -24"><span class='ocrx_word' id='word_1_454' title='bbox 159 3723 237 3776; x_wconf 82' lang='lat' dir='ltr'>tnnc</span> <span class='ocrx_word' id='word_1_455' title='bbox 261 3731 301 3775; x_wconf 86' lang='lat' dir='ltr'>ee</span> <span class='ocrx_word' id='word_1_456' title='bbox 320 3711 432 3776; x_wconf 90' lang='lat' dir='ltr'>dicitur</span> <span class='ocrx_word' id='word_1_457' title='bbox 453 3715 517 3776; x_wconf 85' lang='lat' dir='ltr'>lats</span> <span class='ocrx_word' id='word_1_458' title='bbox 540 3732 579 3776; x_wconf 86' lang='lat' dir='ltr'>ex</span> <span class='ocrx_word' id='word_1_459' title='bbox 605 3715 786 3800; x_wconf 78' lang='lat' dir='ltr'>probatione</span> <span class='ocrx_word' id='word_1_460' title='bbox 807 3716 930 3797; x_wconf 79' lang='lat' dir='ltr'>privile-</span> <span class='ocrx_word' id='word_1_461' title='bbox 982 3714 1105 3794; x_wconf 81' lang='lat' dir='ltr'>cognita</span> <span class='ocrx_word' id='word_1_462' title='bbox 1119 3713 1164 3775; x_wconf 88' lang='lat' dir='ltr'>rei</span> <span class='ocrx_word' id='word_1_463' title='bbox 1178 3712 1304 3774; x_wconf 87' lang='lat' dir='ltr'>veritate</span> <span class='ocrx_word' id='word_1_464' title='bbox 1318 3715 1420 3792; x_wconf 82' lang='lat' dir='ltr'>potest</span> <span class='ocrx_word' id='word_1_465' title='bbox 1433 3712 1606 3774; x_wconf 83' lang='lat' dir='ltr'>retractent.</span> <span class='ocrx_word' id='word_1_466' title='bbox 1629 3715 1672 3774; x_wconf 86' lang='lat' dir='ltr'>lte</span> <span class='ocrx_word' id='word_1_467' title='bbox 1694 3714 1747 3776; x_wconf 85' lang='lat' dir='ltr'>Je-</span> 
     </span>
     <span class='ocr_line' id='line_1_40' title="bbox 158 3803 1744 3889; baseline 0.001 -21"><span class='ocrx_word' id='word_1_468' title='bbox 158 3807 264 3887; x_wconf 80' lang='lat' dir='ltr'>gieta3</span> <span class='ocrx_word' id='word_1_469' title='bbox 282 3805 343 3868; x_wconf 88' lang='lat' dir='ltr'>boc</span> <span class='ocrx_word' id='word_1_470' title='bbox 358 3812 415 3884; x_wconf 78' lang='lat' dir='ltr'>est,</span> <span class='ocrx_word' id='word_1_471' title='bbox 432 3823 471 3866; x_wconf 85' lang='lat' dir='ltr'>ex</span> <span class='ocrx_word' id='word_1_472' title='bbox 482 3808 608 3888; x_wconf 90' lang='lat' dir='ltr'>proprio</span> <span class='ocrx_word' id='word_1_473' title='bbox 624 3808 801 3887; x_wconf 80' lang='lat' dir='ltr'>juramento</span> <span class='ocrx_word' id='word_1_474' title='bbox 821 3809 927 3889; x_wconf 88' lang='lat' dir='ltr'>partis,</span> <span class='ocrx_word' id='word_1_475' title='bbox 983 3828 1041 3871; x_wconf 87' lang='lat' dir='ltr'>eon</span> <span class='ocrx_word' id='word_1_476' title='bbox 1054 3809 1075 3870; x_wconf 94' lang='lat' dir='ltr'>l.</span> <span class='ocrx_word' id='word_1_477' title='bbox 1088 3807 1142 3870; x_wconf 82' lang='lat' dir='ltr'>Ait</span> <span class='ocrx_word' id='word_1_478' title='bbox 1152 3805 1307 3889; x_wconf 68' lang='lat' dir='ltr'>proton§</span> <span class='ocrx_word' id='word_1_479' title='bbox 1328 3805 1446 3866; x_wconf 59' lang='lat' dir='ltr'>laram</span> <span class='ocrx_word' id='word_1_480' title='bbox 1471 3824 1503 3868; x_wconf 92' lang='lat' dir='ltr'>n.</span> <span class='ocrx_word' id='word_1_481' title='bbox 1528 3808 1558 3868; x_wconf 91' lang='grc'>6.</span> <span class='ocrx_word' id='word_1_482' title='bbox 1583 3803 1616 3868; x_wconf 85' lang='lat' dir='ltr'>ii.</span> <span class='ocrx_word' id='word_1_483' title='bbox 1639 3807 1673 3868; x_wconf 84' lang='lat' dir='ltr'>ln.</span> <span class='ocrx_word' id='word_1_484' title='bbox 1697 3813 1744 3881; x_wconf 89' lang='lat' dir='ltr'>t.;</span> 
     </span>
     <span class='ocr_line' id='line_1_41' title="bbox 158 3897 1746 3982; baseline 0.001 -22"><span class='ocrx_word' id='word_1_485' title='bbox 158 3907 192 3963; x_wconf 90' lang='lat' dir='ltr'>et</span> <span class='ocrx_word' id='word_1_486' title='bbox 215 3899 261 3960; x_wconf 90' lang='lat' dir='ltr'>sic</span> <span class='ocrx_word' id='word_1_487' title='bbox 285 3898 317 3958; x_wconf 91' lang='lat' dir='ltr'>iu</span> <span class='ocrx_word' id='word_1_488' title='bbox 340 3897 465 3960; x_wconf 87' lang='lat' dir='ltr'>delectu</span> <span class='ocrx_word' id='word_1_489' title='bbox 489 3899 620 3963; x_wconf 86' lang='lat' dir='ltr'>aliarum</span> <span class='ocrx_word' id='word_1_490' title='bbox 645 3901 862 3982; x_wconf 87' lang='lat' dir='ltr'>probationum</span> <span class='ocrx_word' id='word_1_491' title='bbox 890 3921 930 3964; x_wconf 84' lang='lat' dir='ltr'>ex</span> <span class='ocrx_word' id='word_1_492' title='bbox 981 3900 1678 3979; x_wconf 66' lang='grc' dir='ltr'><strong>119999999ιά.99991.956,9.90919999..</strong></span> <span class='ocrx_word' id='word_1_493' title='bbox 1700 3899 1746 3962; x_wconf 86' lang='lat' dir='ltr'>al·</span> 
     </span>
     <span class='ocr_line' id='line_1_42' title="bbox 158 3990 1814 4076; baseline -0.002 -20"><span class='ocrx_word' id='word_1_494' title='bbox 158 3993 290 4074; x_wconf 87' lang='lat' dir='ltr'>proprio</span> <span class='ocrx_word' id='word_1_495' title='bbox 305 3993 481 4056; x_wconf 86' lang='lat' dir='ltr'>testimonio</span> <span class='ocrx_word' id='word_1_496' title='bbox 496 3994 527 4055; x_wconf 92' lang='lat' dir='ltr'>in</span> <span class='ocrx_word' id='word_1_497' title='bbox 547 4013 643 4057; x_wconf 86' lang='lat' dir='ltr'>cause</span> <span class='ocrx_word' id='word_1_498' title='bbox 661 3995 797 4076; x_wconf 86' lang='lat' dir='ltr'>propria,</span> <span class='ocrx_word' id='word_1_499' title='bbox 822 4003 928 4058; x_wconf 83' lang='lat' dir='ltr'>contre</span> <span class='ocrx_word' id='word_1_500' title='bbox 981 3997 1089 4076; x_wconf 80' lang='lat' dir='ltr'>legans</span> <span class='ocrx_word' id='word_1_501' title='bbox 1104 3995 1191 4068; x_wconf 87' lang='lat' dir='ltr'>alios,</span> <span class='ocrx_word' id='word_1_502' title='bbox 1207 3993 1375 4074; x_wconf 88' lang='lat' dir='ltr'>pluresque</span> <span class='ocrx_word' id='word_1_503' title='bbox 1396 3990 1474 4054; x_wconf 87' lang='lat' dir='ltr'>tales</span> <span class='ocrx_word' id='word_1_504' title='bbox 1489 4008 1579 4052; x_wconf 84' lang='lat' dir='ltr'>casus</span> <span class='ocrx_word' id='word_1_505' title='bbox 1594 3991 1743 4054; x_wconf 85' lang='lat' dir='ltr'>referens.</span> <span class='ocrx_word' id='word_1_506' title='bbox 1810 4017 1814 4022; x_wconf 95' lang='lat'>·</span> 
     </span>
     <span class='ocr_line' id='line_1_43' title="bbox 158 4081 1745 4170; baseline -0.003 -22"><span class='ocrx_word' id='word_1_507' title='bbox 158 4088 247 4148; x_wconf 85' lang='lat' dir='ltr'>illam</span> <span class='ocrx_word' id='word_1_508' title='bbox 262 4086 425 4166; x_wconf 82' lang='lat' dir='ltr'>regulam:</span> <span class='ocrx_word' id='word_1_509' title='bbox 447 4086 582 4149; x_wconf 75' lang='lat' dir='ltr'>«Nullus</span> <span class='ocrx_word' id='word_1_510' title='bbox 596 4087 727 4150; x_wconf 87' lang='lat' dir='ltr'>idoneus</span> <span class='ocrx_word' id='word_1_511' title='bbox 745 4089 832 4151; x_wconf 86' lang='lat' dir='ltr'>testie</span> <span class='ocrx_word' id='word_1_512' title='bbox 849 4088 928 4152; x_wconf 86' lang='lat' dir='ltr'>inre</span> <span class='ocrx_word' id='word_1_513' title='bbox 980 4089 1077 4168; x_wconf 89' lang='lat' dir='ltr'>quue</span> <span class='ocrx_word' id='word_1_514' title='bbox 1090 4087 1240 4170; x_wconf 86' lang='lat' dir='ltr'>probatur</span> <span class='ocrx_word' id='word_1_515' title='bbox 1253 4085 1443 4148; x_wconf 86' lang='lat' dir='ltr'>inductione.</span> <span class='ocrx_word' id='word_1_516' title='bbox 1459 4081 1508 4145; x_wconf 90' lang='lat' dir='ltr'>Sic</span> <span class='ocrx_word' id='word_1_517' title='bbox 1526 4083 1677 4161; x_wconf 88' lang='lat' dir='ltr'>imprimis</span> <span class='ocrx_word' id='word_1_518' title='bbox 1693 4083 1745 4164; x_wconf 85' lang='lat' dir='ltr'>ju-</span> 
     </span>
     <span class='ocr_line' id='line_1_44' title="bbox 156 4174 1746 4259; baseline -0.002 -18"><span class='ocrx_word' id='word_1_519' title='bbox 156 4198 215 4241; x_wconf 86' lang='lat' dir='ltr'>sua</span> <span class='ocrx_word' id='word_1_520' title='bbox 231 4177 424 4256; x_wconf 82' lang='lat' dir='ltr'>intelligitur,</span> <span class='ocrx_word' id='word_1_521' title='bbox 448 4199 463 4236; x_wconf 84' lang='grc' dir='ltr'><strong>ι</strong></span> <span class='ocrx_word' id='word_1_522' title='bbox 491 4185 584 4259; x_wconf 88' lang='lat' dir='ltr'>etque</span> <span class='ocrx_word' id='word_1_523' title='bbox 607 4179 739 4243; x_wconf 87' lang='lat' dir='ltr'>babetur</span> <span class='ocrx_word' id='word_1_524' title='bbox 760 4181 782 4244; x_wconf 92' lang='lat' dir='ltr'>l.</span> <span class='ocrx_word' id='word_1_525' title='bbox 807 4174 924 4248; x_wconf 80' lang='lat' dir='ltr'>Nullus.</span> <span class='ocrx_word' id='word_1_526' title='bbox 980 4187 1158 4244; x_wconf 87' lang='lat' dir='ltr'>ramentum</span> <span class='ocrx_word' id='word_1_527' title='bbox 1180 4179 1241 4242; x_wconf 90' lang='lat' dir='ltr'>litis</span> <span class='ocrx_word' id='word_1_528' title='bbox 1269 4177 1454 4242; x_wconf 87' lang='lat' dir='ltr'>decisorium</span> <span class='ocrx_word' id='word_1_529' title='bbox 1481 4176 1688 4238; x_wconf 81' lang='lat' dir='ltr'>voluntarium</span> <span class='ocrx_word' id='word_1_530' title='bbox 1714 4182 1746 4239; x_wconf 88' lang='lat' dir='ltr'>et</span> 
     </span>
     <span class='ocr_line' id='line_1_45' title="bbox 156 4267 1747 4357; baseline 0 -25"><span class='ocrx_word' id='word_1_531' title='bbox 156 4273 191 4332; x_wconf 78' lang='lat' dir='ltr'>li.</span> <span class='ocrx_word' id='word_1_532' title='bbox 208 4267 247 4332; x_wconf 83' lang='lat' dir='ltr'>de</span> <span class='ocrx_word' id='word_1_533' title='bbox 263 4269 368 4332; x_wconf 74' lang='lat' dir='ltr'>Tettio.</span> <span class='ocrx_word' id='word_1_534' title='bbox 386 4275 417 4334; x_wconf 88' lang='lat' dir='ltr'>et</span> <span class='ocrx_word' id='word_1_535' title='bbox 429 4273 450 4333; x_wconf 96' lang='grc'><strong>1.</strong></span> <span class='ocrx_word' id='word_1_536' title='bbox 469 4271 617 4336; x_wconf 74' lang='grc'><strong>0991199.</strong></span> <span class='ocrx_word' id='word_1_537' title='bbox 630 4287 658 4336; x_wconf 85' lang='grc'>9.</span> <span class='ocrx_word' id='word_1_538' title='bbox 674 4275 743 4336; x_wconf 89' lang='lat' dir='ltr'>eod.</span> <span class='ocrx_word' id='word_1_539' title='bbox 761 4282 791 4337; x_wconf 90' lang='lat' dir='ltr'>cl</span> <span class='ocrx_word' id='word_1_540' title='bbox 805 4293 874 4337; x_wconf 90' lang='lat' dir='ltr'>can.</span> <span class='ocrx_word' id='word_1_541' title='bbox 890 4277 929 4340; x_wconf 83' lang='lat' dir='ltr'>St</span> <span class='ocrx_word' id='word_1_542' title='bbox 977 4275 1145 4357; x_wconf 88' lang='lat' dir='ltr'>judiciale,</span> <span class='ocrx_word' id='word_1_543' title='bbox 1170 4273 1316 4354; x_wconf 86' lang='lat' dir='ltr'>procedit·</span> <span class='ocrx_word' id='word_1_544' title='bbox 1331 4270 1481 4352; x_wconf 83' lang='lat' dir='ltr'>duntaxat</span> <span class='ocrx_word' id='word_1_545' title='bbox 1502 4268 1607 4349; x_wconf 85' lang='lat' dir='ltr'>quoad</span> <span class='ocrx_word' id='word_1_546' title='bbox 1638 4269 1747 4348; x_wconf 79' lang='lat' dir='ltr'>jureu-</span> 
     </span>
     <span class='ocr_line' id='line_1_46' title="bbox 155 4361 1744 4452; baseline 0.001 -30"><span class='ocrx_word' id='word_1_547' title='bbox 155 4369 252 4424; x_wconf 72' lang='lat' dir='ltr'>tona.</span> <span class='ocrx_word' id='word_1_548' title='bbox 269 4365 300 4422; x_wconf 86' lang='grc'><strong>1.</strong></span> <span class='ocrx_word' id='word_1_549' title='bbox 317 4379 349 4440; x_wconf 91' lang='lat' dir='ltr'>q.</span> <span class='ocrx_word' id='word_1_550' title='bbox 372 4365 402 4425; x_wconf 88' lang='lat'>3.</span> <span class='ocrx_word' id='word_1_551' title='bbox 425 4365 525 4442; x_wconf 85' lang='lat' dir='ltr'>qualis</span> <span class='ocrx_word' id='word_1_552' title='bbox 543 4365 673 4446; x_wconf 90' lang='lat' dir='ltr'>proinde</span> <span class='ocrx_word' id='word_1_553' title='bbox 694 4367 804 4450; x_wconf 83' lang='lat' dir='ltr'>merito</span> <span class='ocrx_word' id='word_1_554' title='bbox 822 4385 927 4429; x_wconf 89' lang='lat' dir='ltr'>cense-</span> <span class='ocrx_word' id='word_1_555' title='bbox 981 4378 1056 4444; x_wconf 83' lang='lat' dir='ltr'>tem,</span> <span class='ocrx_word' id='word_1_556' title='bbox 1076 4369 1338 4452; x_wconf 32' lang='lat' dir='ltr'>et&#39;juramentum</span> <span class='ocrx_word' id='word_1_557' title='bbox 1358 4363 1511 4444; x_wconf 83' lang='lat' dir='ltr'>ejusmodi</span> <span class='ocrx_word' id='word_1_558' title='bbox 1531 4361 1744 4436; x_wconf 70' lang='lat' dir='ltr'>deferentem</span> 
     </span>
     <span class='ocr_line' id='line_1_47' title="bbox 154 4455 1746 4540; baseline 0.001 -25"><span class='ocrx_word' id='word_1_559' title='bbox 154 4461 208 4516; x_wconf 89' lang='lat' dir='ltr'>tur</span> <span class='ocrx_word' id='word_1_560' title='bbox 223 4471 294 4515; x_wconf 85' lang='lat' dir='ltr'>esse</span> <span class='ocrx_word' id='word_1_561' title='bbox 313 4476 328 4514; x_wconf 81' lang='grc' dir='ltr'><strong>ι</strong></span> <span class='ocrx_word' id='word_1_562' title='bbox 342 4455 483 4536; x_wconf 89' lang='lat' dir='ltr'>probatio</span> <span class='ocrx_word' id='word_1_563' title='bbox 497 4457 701 4538; x_wconf 79' lang='lat' dir='ltr'>privilegiata.</span> <span class='ocrx_word' id='word_1_564' title='bbox 716 4480 732 4518; x_wconf 89' lang='lat' dir='ltr'>n</span> <span class='ocrx_word' id='word_1_565' title='bbox 752 4460 843 4540; x_wconf 82' lang='lat' dir='ltr'>Atqui</span> <span class='ocrx_word' id='word_1_566' title='bbox 859 4479 928 4522; x_wconf 87' lang='lat' dir='ltr'>sen·</span> <span class='ocrx_word' id='word_1_567' title='bbox 980 4480 1044 4524; x_wconf 90' lang='lat' dir='ltr'>non</span> <span class='ocrx_word' id='word_1_568' title='bbox 1058 4479 1131 4522; x_wconf 90' lang='lat' dir='ltr'>vero</span> <span class='ocrx_word' id='word_1_569' title='bbox 1146 4459 1249 4540; x_wconf 84' lang='lat' dir='ltr'>quoad</span> <span class='ocrx_word' id='word_1_570' title='bbox 1267 4458 1353 4534; x_wconf 87' lang='lat' dir='ltr'>elios,</span> <span class='ocrx_word' id='word_1_571' title='bbox 1371 4457 1434 4518; x_wconf 86' lang='lat' dir='ltr'>sive</span> <span class='ocrx_word' id='word_1_572' title='bbox 1449 4461 1624 4517; x_wconf 83' lang='lat' dir='ltr'>extraneos.</span> <span class='ocrx_word' id='word_1_573' title='bbox 1637 4457 1746 4518; x_wconf 55' lang='lat' dir='ltr'>*lason</span> 
     </span>
     <span class='ocr_line' id='line_1_48' title="bbox 155 4545 1745 4633; baseline 0 -25"><span class='ocrx_word' id='word_1_574' title='bbox 155 4547 257 4608; x_wconf 85' lang='lat' dir='ltr'>lentis</span> <span class='ocrx_word' id='word_1_575' title='bbox 272 4545 335 4609; x_wconf 88' lang='lat' dir='ltr'>lata</span> <span class='ocrx_word' id='word_1_576' title='bbox 348 4565 406 4624; x_wconf 90' lang='lat' dir='ltr'>per</span> <span class='ocrx_word' id='word_1_577' title='bbox 419 4549 618 4626; x_wconf 81' lang='lat' dir='ltr'>probationes</span> <span class='ocrx_word' id='word_1_578' title='bbox 631 4549 838 4633; x_wconf 79' lang='lat' dir='ltr'>privilegiatus</span> <span class='ocrx_word' id='word_1_579' title='bbox 849 4573 927 4616; x_wconf 92' lang='lat' dir='ltr'>nun-</span> <span class='ocrx_word' id='word_1_580' title='bbox 981 4557 1032 4618; x_wconf 90' lang='lat' dir='ltr'>cit.</span> <span class='ocrx_word' id='word_1_581' title='bbox 1048 4573 1081 4615; x_wconf 92' lang='lat' dir='ltr'>n.</span> <span class='ocrx_word' id='word_1_582' title='bbox 1096 4557 1126 4616; x_wconf 88' lang='lat'>6.</span> <span class='ocrx_word' id='word_1_583' title='bbox 1143 4558 1174 4615; x_wconf 83' lang='lat' dir='ltr'>et</span> <span class='ocrx_word' id='word_1_584' title='bbox 1186 4548 1365 4614; x_wconf 84' lang='lat' dir='ltr'>Muscardus</span> <span class='ocrx_word' id='word_1_585' title='bbox 1377 4567 1409 4608; x_wconf 93' lang='lat' dir='ltr'>n.</span> <span class='ocrx_word' id='word_1_586' title='bbox 1426 4550 1474 4610; x_wconf 78' lang='grc'>99.</span> <span class='ocrx_word' id='word_1_587' title='bbox 1486 4549 1557 4627; x_wconf 88' lang='lat' dir='ltr'>post</span> <span class='ocrx_word' id='word_1_588' title='bbox 1569 4548 1745 4610; x_wconf 78' lang='lat' dir='ltr'>Romanum</span> 
     </span>
     <span class='ocr_line' id='line_1_49' title="bbox 155 4639 1741 4728; baseline 0.001 -26"><span class='ocrx_word' id='word_1_589' title='bbox 155 4657 257 4720; x_wconf 86' lang='lat' dir='ltr'>quam</span> <span class='ocrx_word' id='word_1_590' title='bbox 276 4641 385 4704; x_wconf 82' lang='lat' dir='ltr'>transit</span> <span class='ocrx_word' id='word_1_591' title='bbox 398 4639 430 4702; x_wconf 92' lang='lat' dir='ltr'>in</span> <span class='ocrx_word' id='word_1_592' title='bbox 449 4660 517 4704; x_wconf 87' lang='lat' dir='ltr'>rem</span> <span class='ocrx_word' id='word_1_593' title='bbox 535 4642 727 4722; x_wconf 68' lang='lat' dir='ltr'>judicatam</span> <span class='ocrx_word' id='word_1_594' title='bbox 749 4647 805 4708; x_wconf 89' lang='lat' dir='ltr'>sed</span> <span class='ocrx_word' id='word_1_595' title='bbox 826 4652 929 4727; x_wconf 89' lang='lat' dir='ltr'>potest</span> <span class='ocrx_word' id='word_1_596' title='bbox 980 4648 1012 4710; x_wconf 92' lang='lat' dir='ltr'>in</span> <span class='ocrx_word' id='word_1_597' title='bbox 1026 4650 1047 4710; x_wconf 96' lang='lat' dir='ltr'>l.</span> <span class='ocrx_word' id='word_1_598' title='bbox 1063 4647 1142 4710; x_wconf 85' lang='lat' dir='ltr'>Num</span> <span class='ocrx_word' id='word_1_599' title='bbox 1153 4652 1250 4728; x_wconf 81' lang='lat' dir='ltr'>posteo</span> <span class='ocrx_word' id='word_1_600' title='bbox 1264 4661 1362 4726; x_wconf 79' lang='lat' dir='ltr'>quom.</span> <span class='ocrx_word' id='word_1_601' title='bbox 1377 4643 1396 4722; x_wconf 66' lang='grc' dir='ltr'><strong>ξ</strong></span> <span class='ocrx_word' id='word_1_602' title='bbox 1410 4639 1471 4703; x_wconf 85' lang='lat' dir='ltr'>Sed</span> <span class='ocrx_word' id='word_1_603' title='bbox 1482 4648 1511 4702; x_wconf 88' lang='lat' dir='ltr'>et</span> <span class='ocrx_word' id='word_1_604' title='bbox 1522 4641 1550 4702; x_wconf 81' lang='lat' dir='ltr'>ot</span> <span class='ocrx_word' id='word_1_605' title='bbox 1561 4639 1636 4723; x_wconf 79' lang='lat' dir='ltr'>qut&#39;s.</span> <span class='ocrx_word' id='word_1_606' title='bbox 1651 4640 1684 4704; x_wconf 82' lang='lat' dir='ltr'>ff.</span> <span class='ocrx_word' id='word_1_607' title='bbox 1710 4642 1741 4704; x_wconf 92' lang='lat' dir='ltr'>h.</span> 
     </span>
     <span class='ocr_line' id='line_1_50' title="bbox 153 4733 1742 4822; baseline 0.001 -28"><span class='ocrx_word' id='word_1_608' title='bbox 153 4751 295 4814; x_wconf 84' lang='lat' dir='ltr'>semper,</span> <span class='ocrx_word' id='word_1_609' title='bbox 323 4739 355 4796; x_wconf 87' lang='lat' dir='ltr'>ct</span> <span class='ocrx_word' id='word_1_610' title='bbox 384 4735 644 4818; x_wconf 86' lang='lat' dir='ltr'>quandocumque</span> <span class='ocrx_word' id='word_1_611' title='bbox 668 4757 766 4820; x_wconf 92' lang='lat' dir='ltr'>usque</span> <span class='ocrx_word' id='word_1_612' title='bbox 791 4738 831 4802; x_wconf 90' lang='lat' dir='ltr'>ad</span> <span class='ocrx_word' id='word_1_613' title='bbox 844 4742 928 4804; x_wconf 90' lang='lat' dir='ltr'>mille</span> <span class='ocrx_word' id='word_1_614' title='bbox 982 4748 1003 4805; x_wconf 90' lang='lat' dir='ltr'>t.</span> <span class='ocrx_word' id='word_1_615' title='bbox 1020 4741 1072 4822; x_wconf 92' lang='lat' dir='ltr'>qui</span> <span class='ocrx_word' id='word_1_616' title='bbox 1086 4739 1168 4822; x_wconf 87' lang='lat' dir='ltr'>istud</span> <span class='ocrx_word' id='word_1_617' title='bbox 1181 4737 1293 4818; x_wconf 88' lang='lat' dir='ltr'>probat</span> <span class='ocrx_word' id='word_1_618' title='bbox 1307 4755 1346 4798; x_wconf 82' lang='lat' dir='ltr'>ea</span> <span class='ocrx_word' id='word_1_619' title='bbox 1360 4735 1542 4815; x_wconf 80' lang='lat' dir='ltr'>citatalege‚</span> <span class='ocrx_word' id='word_1_620' title='bbox 1555 4733 1742 4813; x_wconf 87' lang='lat' dir='ltr'>ubidicitur,</span> 
     </span>
     <span class='ocr_line' id='line_1_51' title="bbox 153 4826 1745 4916; baseline 0.001 -30"><span class='ocrx_word' id='word_1_621' title='bbox 153 4843 271 4901; x_wconf 87' lang='lat' dir='ltr'>annos,</span> <span class='ocrx_word' id='word_1_622' title='bbox 288 4833 320 4888; x_wconf 89' lang='lat' dir='ltr'>et</span> <span class='ocrx_word' id='word_1_623' title='bbox 340 4828 421 4888; x_wconf 90' lang='lat' dir='ltr'>ultra</span> <span class='ocrx_word' id='word_1_624' title='bbox 443 4830 614 4904; x_wconf 66' lang='lat' dir='ltr'>monetari,</span> <span class='ocrx_word' id='word_1_625' title='bbox 638 4833 927 4912; x_wconf 86' lang='lat' dir='ltr'>supervenientibus</span> <span class='ocrx_word' id='word_1_626' title='bbox 982 4834 1064 4916; x_wconf 91' lang='lat' dir='ltr'>quod</span> <span class='ocrx_word' id='word_1_627' title='bbox 1084 4838 1189 4895; x_wconf 87' lang='lat' dir='ltr'>contra</span> <span class='ocrx_word' id='word_1_628' title='bbox 1206 4833 1419 4912; x_wconf 83' lang='lat' dir='ltr'>juramentum</span> <span class='ocrx_word' id='word_1_629' title='bbox 1433 4829 1605 4907; x_wconf 76' lang='lat' dir='ltr'>praestitum</span> <span class='ocrx_word' id='word_1_630' title='bbox 1618 4827 1648 4887; x_wconf 92' lang='lat' dir='ltr'>in</span> <span class='ocrx_word' id='word_1_631' title='bbox 1663 4826 1745 4888; x_wconf 83' lang='lat' dir='ltr'>trau-</span> 
     </span>
     <span class='ocr_line' id='line_1_52' title="bbox 159 4916 1745 5004; baseline -0.002 -24"><span class='ocrx_word' id='word_1_632' title='bbox 159 4917 246 4980; x_wconf 86' lang='lat' dir='ltr'>veris</span> <span class='ocrx_word' id='word_1_633' title='bbox 260 4921 292 4981; x_wconf 89' lang='lat' dir='ltr'>et</span> <span class='ocrx_word' id='word_1_634' title='bbox 312 4917 445 4998; x_wconf 86' lang='lat' dir='ltr'>propriis</span> <span class='ocrx_word' id='word_1_635' title='bbox 467 4919 710 4998; x_wconf 87' lang='lat' dir='ltr'>probationibus.</span> <span class='ocrx_word' id='word_1_636' title='bbox 732 4926 928 5004; x_wconf 82' lang='lat' dir='ltr'>Innocentius</span> <span class='ocrx_word' id='word_1_637' title='bbox 982 4923 1053 4989; x_wconf 88' lang='lat' dir='ltr'>dem</span> <span class='ocrx_word' id='word_1_638' title='bbox 1068 4925 1266 5000; x_wconf 78' lang='lat' dir='ltr'>creditorum,</span> <span class='ocrx_word' id='word_1_639' title='bbox 1283 4922 1471 4984; x_wconf 87' lang='lat' dir='ltr'>succurritur</span> <span class='ocrx_word' id='word_1_640' title='bbox 1483 4916 1685 4983; x_wconf 88' lang='lat' dir='ltr'>creditoribus</span> <span class='ocrx_word' id='word_1_641' title='bbox 1698 4935 1745 4978; x_wconf 90' lang='lat' dir='ltr'>re·</span> 
     </span>
    </p>
   </div>
   <div class='ocr_carea' id='block_1_3' title="bbox 153 5009 1747 5378">
    <p class='ocr_par' dir='ltr' id='par_1_3' title="bbox 153 5009 1747 5378">
     <span class='ocr_line' id='line_1_53' title="bbox 153 5009 1745 5102; baseline 0 -30"><span class='ocrx_word' id='word_1_642' title='bbox 153 5031 184 5072; x_wconf 87' lang='lat' dir='ltr'>c.</span> <span class='ocrx_word' id='word_1_643' title='bbox 208 5009 270 5072; x_wconf 87' lang='lat' dir='ltr'>Tuo</span> <span class='ocrx_word' id='word_1_644' title='bbox 284 5030 345 5073; x_wconf 83' lang='lat' dir='ltr'>noe.</span> <span class='ocrx_word' id='word_1_645' title='bbox 363 5013 394 5072; x_wconf 90' lang='lat' dir='ltr'>in</span> <span class='ocrx_word' id='word_1_646' title='bbox 413 5011 512 5076; x_wconf 78' lang='lat' dir='ltr'>Glosso</span> <span class='ocrx_word' id='word_1_647' title='bbox 526 5033 622 5098; x_wconf 68' lang='lat' dir='ltr'>mora.</span> <span class='ocrx_word' id='word_1_648' title='bbox 639 5015 674 5078; x_wconf 88' lang='lat' dir='ltr'>de</span> <span class='ocrx_word' id='word_1_649' title='bbox 688 5015 851 5082; x_wconf 80' lang='lat' dir='ltr'>Coiotitot.</span> <span class='ocrx_word' id='word_1_650' title='bbox 873 5021 928 5083; x_wconf 86' lang='lat' dir='ltr'>cle-</span> <span class='ocrx_word' id='word_1_651' title='bbox 981 5018 1144 5102; x_wconf 88' lang='lat' dir='ltr'>plicando,</span> <span class='ocrx_word' id='word_1_652' title='bbox 1172 5024 1203 5079; x_wconf 88' lang='lat' dir='ltr'>et</span> <span class='ocrx_word' id='word_1_653' title='bbox 1228 5015 1421 5096; x_wconf 70' lang='lat' dir='ltr'>excipiendo.</span> <span class='ocrx_word' id='word_1_654' title='bbox 1449 5011 1623 5074; x_wconf 75' lang='lat' dir='ltr'>concordat</span> <span class='ocrx_word' id='word_1_655' title='bbox 1642 5013 1745 5072; x_wconf 71' lang='lat' dir='ltr'>terrim</span> 
     </span>
     <span class='ocr_line' id='line_1_54' title="bbox 153 5101 1742 5192; baseline -0.001 -28"><span class='ocrx_word' id='word_1_656' title='bbox 153 5103 231 5180; x_wconf 76' lang='grc' dir='ltr'><strong>ηἐ.,·</strong></span> <span class='ocrx_word' id='word_1_657' title='bbox 253 5103 433 5167; x_wconf 85' lang='lat' dir='ltr'>blasoardns</span> <span class='ocrx_word' id='word_1_658' title='bbox 452 5107 502 5167; x_wconf 91' lang='lat' dir='ltr'>loo</span> <span class='ocrx_word' id='word_1_659' title='bbox 524 5107 575 5171; x_wconf 87' lang='lat' dir='ltr'>cit.</span> <span class='ocrx_word' id='word_1_660' title='bbox 600 5127 632 5172; x_wconf 92' lang='lat' dir='ltr'>n.</span> <span class='ocrx_word' id='word_1_661' title='bbox 661 5113 718 5185; x_wconf 89' lang='lat' dir='ltr'>l0;</span> <span class='ocrx_word' id='word_1_662' title='bbox 744 5112 851 5189; x_wconf 85' lang='lat' dir='ltr'>Jesou,</span> <span class='ocrx_word' id='word_1_663' title='bbox 875 5114 927 5175; x_wconf 91' lang='lat' dir='ltr'>ubi</span> <span class='ocrx_word' id='word_1_664' title='bbox 983 5129 1148 5192; x_wconf 88' lang='lat' dir='ltr'>expressus</span> <span class='ocrx_word' id='word_1_665' title='bbox 1161 5110 1194 5172; x_wconf 91' lang='lat' dir='ltr'>in</span> <span class='ocrx_word' id='word_1_666' title='bbox 1208 5111 1229 5173; x_wconf 91' lang='lat'>1.</span> <span class='ocrx_word' id='word_1_667' title='bbox 1243 5111 1292 5172; x_wconf 90' lang='lat' dir='ltr'>Ill.</span> <span class='ocrx_word' id='word_1_668' title='bbox 1310 5109 1362 5171; x_wconf 87' lang='lat' dir='ltr'>lin.</span> <span class='ocrx_word' id='word_1_669' title='bbox 1385 5108 1418 5169; x_wconf 82' lang='lat' dir='ltr'>n.</span> <span class='ocrx_word' id='word_1_670' title='bbox 1443 5106 1512 5168; x_wconf 91' lang='lat' dir='ltr'>eod.</span> <span class='ocrx_word' id='word_1_671' title='bbox 1538 5103 1597 5165; x_wconf 90' lang='lat' dir='ltr'>illis</span> <span class='ocrx_word' id='word_1_672' title='bbox 1619 5101 1742 5164; x_wconf 83' lang='lat' dir='ltr'>verbis:</span> 
     </span>
     <span class='ocr_line' id='line_1_55' title="bbox 154 5194 1747 5286; baseline -0.001 -30"><span class='ocrx_word' id='word_1_673' title='bbox 154 5214 256 5274; x_wconf 90' lang='lat' dir='ltr'>supra</span> <span class='ocrx_word' id='word_1_674' title='bbox 270 5213 302 5258; x_wconf 92' lang='lat' dir='ltr'>n.</span> <span class='ocrx_word' id='word_1_675' title='bbox 318 5199 368 5260; x_wconf 79' lang='lat'>38.</span> <span class='ocrx_word' id='word_1_676' title='bbox 385 5200 479 5261; x_wconf 81' lang='grc'><strong>9111.</strong></span> <span class='ocrx_word' id='word_1_677' title='bbox 501 5199 640 5281; x_wconf 83' lang='lat' dir='ltr'>allegans</span> <span class='ocrx_word' id='word_1_678' title='bbox 657 5202 746 5279; x_wconf 89' lang='lat' dir='ltr'>elios,</span> <span class='ocrx_word' id='word_1_679' title='bbox 768 5208 860 5286; x_wconf 87' lang='lat' dir='ltr'>atque</span> <span class='ocrx_word' id='word_1_680' title='bbox 881 5226 929 5268; x_wconf 86' lang='lat' dir='ltr'>es·</span> <span class='ocrx_word' id='word_1_681' title='bbox 986 5227 1002 5265; x_wconf 82' lang='lat' dir='ltr'>c</span> <span class='ocrx_word' id='word_1_682' title='bbox 1016 5203 1092 5274; x_wconf 84' lang='lat' dir='ltr'>Ouia</span> <span class='ocrx_word' id='word_1_683' title='bbox 1103 5195 1323 5282; x_wconf 74' lang='lat' dir='ltr'>iusiurandum</span> <span class='ocrx_word' id='word_1_684' title='bbox 1333 5199 1457 5263; x_wconf 89' lang='lat' dir='ltr'>alterius</span> <span class='ocrx_word' id='word_1_685' title='bbox 1467 5194 1555 5259; x_wconf 87' lang='lat' dir='ltr'>alleri</span> <span class='ocrx_word' id='word_1_686' title='bbox 1564 5211 1667 5274; x_wconf 89' lang='lat' dir='ltr'>neque</span> <span class='ocrx_word' id='word_1_687' title='bbox 1676 5211 1747 5274; x_wconf 90' lang='lat' dir='ltr'>pro-</span> 
     </span>
     <span class='ocr_line' id='line_1_56' title="bbox 154 5287 1328 5378; baseline 0.006 -30"><span class='ocrx_word' id='word_1_688' title='bbox 154 5305 290 5364; x_wconf 86' lang='lat' dir='ltr'>serens,</span> <span class='ocrx_word' id='word_1_689' title='bbox 323 5287 402 5352; x_wconf 87' lang='lat' dir='ltr'>beno</span> <span class='ocrx_word' id='word_1_690' title='bbox 425 5306 493 5354; x_wconf 88' lang='lat' dir='ltr'>esse</span> <span class='ocrx_word' id='word_1_691' title='bbox 516 5309 715 5358; x_wconf 88' lang='lat' dir='ltr'>communem</span> <span class='ocrx_word' id='word_1_692' title='bbox 738 5295 924 5378; x_wconf 89' lang='lat' dir='ltr'>opinionem.</span> <span class='ocrx_word' id='word_1_693' title='bbox 987 5298 1065 5376; x_wconf 88' lang='lat' dir='ltr'>dest,</span> <span class='ocrx_word' id='word_1_694' title='bbox 1082 5313 1182 5377; x_wconf 87' lang='lat' dir='ltr'>neque</span> <span class='ocrx_word' id='word_1_695' title='bbox 1197 5301 1328 5358; x_wconf 76' lang='lat' dir='ltr'>uocet.»</span> 
     </span>
    </p>
   </div>
   <div class='ocr_carea' id='block_1_4' title="bbox 0 0 2018 6068">
    <p class='ocr_par' dir='ltr' id='par_1_4' title="bbox 0 0 2018 6068">
     <span class='ocr_line' id='line_1_57' title="bbox 0 0 2018 6068; baseline 0 4"><span class='ocrx_word' id='word_1_696' title='bbox 0 0 2018 6068; x_wconf 95' lang='lat' dir='ltr'> </span> 
     </span>
    </p>
   </div>
  </div>
 </body>
</html>
