4028 6068
266 204 285 286 a
305 205 354 270 u.
376 203 426 268 uu
446 203 625 270 murcos
645 206 698 268 uo
718 199 978 270 commuuio
998 199 1336 269 mascanuoucu
1357 201 1502 286 mauu,
1522 203 1605 270 arc.
1666 203 1725 270 soa

147 341 273 403 bessina
286 342 342 404 lib.
365 343 401 404 il.
416 359 486 422 esp.
501 357 542 404 u.
567 335 605 403 u.
621 341 671 402 ΞΒ.
694 343 725 402 et
745 338 912 402 concordat
966 337 1086 400 moto
1106 339 1234 420 uouoopi.
1263 339 1407 422 llcuoopio
1426 339 1458 401 in
1477 339 1561 402 celtu
1573 338 1726 402 mobilibus
1780 349 1786 358 ·

144 437 250 497 textas
262 436 298 496 in
312 435 406 500 tilam.
422 433 529 497 Ecioi.
544 435 563 515 ς
576 432 705 496 Proinde
717 433 753 495 dc
772 431 856 495 Vrrb.
871 431 912 494 oi-
964 449 1021 492 uou
1034 431 1121 512 focile
1132 432 1482 514 procedit-Ceterum
1491 432 1532 495 ab
1539 431 1727 514 usucapione

143 525 223 606 qais.
253 526 297 588 ibi
320 544 329 590 ε
349 528 518 605 «cumque
543 525 640 587 annui
667 523 806 588 redditus
832 524 913 588 inter
965 527 1109 590 triennali
1127 528 1322 610 excipiuntur
1335 547 1385 591 res
1399 529 1525 604 vitiose,
1541 529 1573 593 id
1587 534 1648 604 eet,
1662 529 1727 590 lur-

145 618 317 680 immobilia
332 624 520 682 censeantur
532 636 551 679 a
562 619 669 697 jure.»
684 617 801 678 Rursus
813 617 912 678 nomi·
964 619 1046 694 tire,
1062 618 1112 682 vel
1133 621 1163 682 vi
1185 638 1348 699 possesse.
1364 621 1456 685 Tales
1476 622 1559 685 anim
1573 639 1636 683 nou
1656 639 1727 703 pos-

145 729 185 773 uc
212 712 419 774 immobilium
448 711 750 793 comprehendantur
768 713 857 792 jure,
881 717 913 773 ot
966 717 1038 774 snut
1065 712 1197 776 triennio
1219 716 1372 796 usucapi:
1400 733 1465 777 non
1486 718 1609 778 tautum
1622 719 1725 778 a‘iura

146 806 286 868 actiones
300 805 341 868 ad
350 805 531 868 immobilia.
543 805 661 868 Dicitur
673 807 832 878 notantem
847 804 912 868 aad
965 805 1106 885 ipsomet,
1122 806 1172 868 vel
1194 825 1252 887 per
1273 808 1335 870 um
1357 808 1547 887 possidente,
1569 809 1655 888 (nam
1677 808 1726 870 his

146 897 319 962 immobilia
336 919 344 962 ε
360 921 376 959 u
393 916 466 962 uam
486 899 575 978 juro,
592 899 774 961 electiones
794 899 835 961 ad
848 915 912 960 mo·
964 898 1025 960 alia
1038 899 1156 962 ratione
1172 901 1318 982 usucapio
1332 919 1395 963 nou
1408 903 1565 983 competit,
1581 903 1653 981 quia
1667 901 1726 963 sci-

145 993 235 1068 bssia3
252 1011 282 1055 r.
299 1011 328 1074 g.
347 994 386 1056 ad
401 1009 528 1072 equum,
543 995 675 1068 vastem,
692 997 752 1054 ato.
767 990 912 1053 dicuntur
963 991 1035 1056 licet
1048 992 1129 1055 mala
1142 992 1205 1056 fide
1223 993 1393 1077 possident)
1408 995 1464 1057 sed
1484 1013 1543 1058 nec
1556 1015 1575 1057 u
1589 1011 1725 1074 quocun—

145 1104 195 1148 res
213 1087 359 1161 mobiles,
381 1103 444 1147 uon
459 1087 574 1161 minus,
590 1103 627 1146 ac
647 1085 780 1162 ipsemet
799 1100 909 1162 equus,
964 1103 1026 1167 que
1039 1086 1099 1148 alio
1112 1088 1216 1164 tertio,
1227 1089 1368 1167 quamve
1380 1107 1435 1152 aas
1447 1088 1530 1152 boue
1543 1089 1723 1164 idearum,

144 1179 249 1258 restis,
275 1183 336 1242 etc.
353 1177 512 1259 Siquidem
535 1176 744 1239 accessorium
766 1179 910 1236 naturam
963 1178 1066 1240 veleb
1088 1178 1156 1240 aliis
1174 1181 1299 1259 amerit,
1324 1187 1378 1244 ant
1400 1199 1585 1262 quocunqne
1608 1181 1669 1244 alio
1689 1182 1726 1245 ti·

145 1273 289 1352 scquitur
300 1271 496 1352 principalis,
507 1270 598 1349 juxta
610 1285 676 1350 reg.
691 1272 740 1329 ii.
753 1269 816 1347 jur.
832 1267 865 1328 in
878 1269 908 1328 6·
963 1273 1027 1335 tulo
1050 1275 1217 1354 acceperit,
1239 1282 1312 1339 text.
1338 1275 1412 1338 clar.
1428 1275 1601 1357 §Furtivae
1623 1277 1720 1340 Iustit.

183 1370 254 1430 l5l.
278 1365 453 1438 sturmin,
468 1369 496 1426 οἱ
516 1361 661 1435 “immi
683 1360 736 1442 qui
753 1359 911 1422 diffinivi?
963 1363 1189 1448 doleamne.
1206 1367 1264 1430 Ubi
1283 1368 1412 1448 proinde
1432 1370 1543 1434 merito
1564 1369 1725 1450 subjungi-

143 1459 383 1522 -Notandum
409 1455 558 1534 ulterius,
581 1452 666 1534 quod
691 1456 842 1533 quantum
869 1452 910 1514 ad
963 1457 1023 1537 tur,
1039 1461 1123 1540 quod
1141 1461 1290 1540 usucapio
1312 1462 1345 1524 iu
1365 1462 1459 1524 rebus
1480 1463 1647 1526 mobilibus
1659 1481 1724 1524 non

143 1551 356 1632 propositum,
375 1571 391 1610 u
412 1550 586 1630 Preseutes
599 1567 614 1606 u
632 1545 794 1620 dicuntur,
811 1545 864 1625 qui
877 1545 909 1605 in
963 1551 1053 1614 facile
1067 1553 1227 1632 procedit:
1244 1555 1317 1634 quia
1330 1556 1523 1635 plerumque,
1540 1557 1591 1635 qui
1604 1555 1723 1635 primus

144 1645 257 1706 edem
292 1641 449 1722 provincia
484 1644 733 1718 commorantur,
762 1637 827 1700 sive
859 1654 910 1698 res
962 1645 1449 1724 remalianamveudidit,furtum
1457 1649 1723 1729 commisit3quiu·

143 1735 378 1817 prescribenda
389 1736 428 1797 sit
437 1733 593 1816 puriterin
602 1732 655 1794 illa
664 1731 832 1810 provincia,
845 1731 909 1792 sive
962 1739 1026 1800 imo
1042 1739 1176 1802 scienter
1189 1758 1255 1803 rem
1270 1742 1404 1804 elianam
1417 1741 1566 1819 vendens,
1583 1743 1642 1804 hoc
1655 1741 1723 1820 ipso

143 1833 175 1892 in
197 1831 331 1907 vicinia,
347 1831 410 1893 sive
423 1829 515 1902 aubi,
530 1831 587 1890 8¹¹2
605 1829 697 1889 otiam
712 1833 796 1888 naus
810 1843 906 1886 mare·
961 1833 1123 1898 committit
1144 1834 1271 1898 lurtum.
1298 1835 1411 1900 Verum
1433 1836 1493 1897 boo
1520 1834 1656 1916 intellige
1682 1833 1722 1896 de

143 1923 209 1984 Hoc
231 1921 319 1984 enim
344 1921 422 1982 nihil
445 1920 610 2000 importat,
637 1936 710 1981 cum
737 1915 910 1980 dominium
962 1927 1153 2006 usucapione
1174 1929 1317 1990 triennali
1344 1946 1351 1990 :
1377 1946 1450 1991 nam
1471 1947 1522 1991 res
1544 1926 1722 2008 hujusmodi

143 2014 199 2091 rei,
217 2023 251 2078 et
266 2017 321 2096 jus
342 2013 564 2078 vendicationis
586 2011 779 2092 incorporale
797 2012 852 2088 ait,
871 2029 909 2072 86
961 2018 1091 2082 furtivas
1105 2039 1124 2082 a
1138 2020 1219 2083 hone
1234 2021 1306 2084 fidei
1323 2039 1506 2104 possessore
1520 2039 1612 2102 posse
1626 2039 1722 2101 prees-

143 2109 294 2189 proinde,
309 2109 489 2189 ubicunque
510 2107 676 2187 resposita
696 2106 754 2180 sit,
776 2105 844 2185 ejus
857 2105 910 2168 do·
962 2110 1037 2172 oribi
1053 2111 1152 2191 spatio
1166 2112 1291 2194 triginta
1305 2130 1468 2190 annorum,
1485 2119 1571 2176 tenet
1584 2131 1723 2176 mmmc-

143 2203 277 2266 miuinm
302 2204 468 2266 adomiuo
489 2200 588 2282 repeti
611 2199 718 2279 possit,
741 2199 764 2262 l.
790 2197 863 2262 Cum
877 2198 909 2260 in
962 2205 1010 2265 uis
1041 2204 1220 2280 doctorum
1251 2213 1360 2287 estque
1379 2207 1445 2287 J'am
1477 2207 1592 2271 dictum
1628 2223 1723 2288 supra

145 2297 235 2378 boui.
250 2299 358 2378 juucta
373 2296 483 2360 Glossa
499 2299 530 2372 y.
545 2293 584 2356 lu
596 2293 692 2356 eodan
701 2292 863 2374 pmurocm.
873 2292 906 2365 G.
961 2297 1022 2376 §2-
1037 2316 1069 2358 u.
1085 2301 1133 2361 Ἢ.
1156 2303 1188 2362 ot
1207 2317 1294 2380 seqq.
1310 2302 1468 2364 nonnulle
1486 2303 1554 2365 alie
1567 2301 1724 2366 limitatio-

144 2393 180 2456 de
199 2389 422 2474 Promptior.
439 2390 520 2470 roupi
538 2397 658 2471 tempor.
675 2387 699 2448 Ε
715 2393 823 2450 contra
835 2406 907 2450 vero
961 2407 1018 2454 nes
1032 2391 1238 2456 declarantur.

151 2487 339 2550 «Absentes
357 2506 374 2544 u
393 2485 538 2548 dicuutur
561 2484 623 2563 ilii,
647 2483 701 2563 qui
724 2483 757 2545 iu
781 2482 908 2546 diversis
1002 2485 1071 2545 155.
1093 2482 1178 2546 Bocc
1201 2492 1261 2546 tam
1285 2483 1424 2564 mobilia,
1452 2504 1543 2568 quom
1565 2484 1723 2548 immobilia

144 2579 478 2662 pruviuciisbabitaut.
960 2575 1155 2655 privummm,
1183 2576 1245 2640 ece
1272 2577 1375 2655 titulo,
1403 2578 1453 2640 aad
1472 2595 1538 2639 cum
1560 2578 1633 2640 borso
1649 2577 1720 2660 fide,

183 2677 254 2738 lbi.
278 2669 592 2747 ermemmarus,
616 2669 689 2752 quid
710 2667 909 2750 intelligatur?
959 2668 1328 2754 praenuntiarique
1341 2673 1436 2733 crab.
1451 2672 1589 2752 -itesp
1604 2673 1654 2735 lIl.
1674 2673 1722 2736 Ad

143 2796 181 2812 ·—
195 2767 294 2828 Porro
308 2765 434 2828 nominc
453 2761 675 2826 «Prouincieu
689 2761 909 2842 impresentia-
961 2763 1189 2842 prescribenda
1210 2765 1295 2827 bona
1317 2772 1380 2826 tam
1402 2763 1539 2841 mobilia,
1559 2783 1654 2845 quam
1667 2766 1722 2828 im·

49 2863 52 2872 ⁴
141 2879 213 2924 rum
239 2859 423 2940 intelligitur
447 2858 545 2932 locus,
568 2855 714 2935 quietim
734 2855 774 2916 ab
797 2853 908 2916 eodem
961 2855 1289 2936 mobiliaprivatorum
1303 2858 1370 2920 sinc
1385 2857 1473 2921 titulo
1488 2857 1662 2939 (supposita
1676 2865 1723 2921 ta·

141 2954 278 3035 preside
293 2953 476 3034 regebatur.
487 2952 565 3024 Quia
579 2967 652 3012 vero
662 2949 702 3012 de
715 2946 908 3028 lsotopluras
960 2967 1034 3011 meu
1047 2950 1204 3014 bonafide
1219 2959 1354 3032 exparte
1367 2952 1606 3033 proscribentis)
1621 2954 1723 3034 requi-
1778 3029 1781 3036 ‚

141 3052 216 3111 sunt
230 3047 384 3124 civitates,
401 3063 469 3128 que
484 3045 670 3108 habenisue
690 3042 815 3122 propria
827 3041 909 3121 regi·
961 3042 1050 3116 uitur,
1070 3047 1102 3104 ct
1121 3045 1233 3106 sufficit
1258 3053 1382 3126 tempus
1403 3045 1529 3125 triginta
1556 3063 1718 3108 annorum.

140 3144 239 3220 mina,
256 3143 323 3206 sive
336 3143 497 3225 proprium
512 3140 767 3221 gubernatorem,
783 3137 836 3216 qui
850 3135 908 3198 soli
960 3135 1005 3196 Ita
1019 3137 1209 3210 commuuis;
1226 3141 1258 3200 et
1271 3137 1404 3200 habetur
1415 3138 1437 3201 l.
1454 3137 1539 3200 Sicut
1555 3137 1586 3199 io
1599 3156 1670 3200 rem.
1686 3137 1718 3200 G.

140 3235 286 3316 principi,
304 3235 354 3297 vel
368 3235 488 3297 senatui
502 3232 625 3307 subest3
642 3231 681 3293 de
695 3228 824 3309 siugulis
838 3230 906 3291 tali·
960 3225 998 3288 de
1010 3227 1175 3311 Preacript
1196 3232 1317 3315 trrffloto
1336 3231 1384 3294 cel
1403 3232 1597 3316 quodraginta
1615 3251 1719 3296 mcor.

139 3329 201 3391 bus
214 3328 380 3390 territoriis
394 3323 907 3402 idemnuuecstdioeudum,qucd
959 3322 1013 3384 ubi
1041 3324 1226 3403 generaliter
1246 3327 1382 3390 dicitur:
1403 3349 1418 3387 u
1440 3328 1472 3390 Si
1495 3329 1563 3408 quis
1585 3345 1648 3402 res,
1670 3326 1722 3390 rel

139 3423 287 3501 mperius
301 3421 478 3484 estdictum
493 3416 712 3497 de'provinciis
728 3435 736 3476 ς
751 3415 904 3494 videlicet,
958 3415 1009 3494 jus
1032 3417 1158 3496 aliquod
1180 3419 1368 3497 postuletur,
1392 3421 1443 3482 vel
1464 3437 1598 3500 persona
1620 3420 1720 3500 quali-

143 3514 385 3578 uPresautesu
403 3529 483 3592 case,
506 3511 560 3590 qui
580 3510 612 3572 iu
631 3509 742 3572 eodem
754 3508 808 3570 tali
821 3507 907 3570 torri·
960 3527 1083 3588 cunque
1110 3510 1231 3573 actione
1253 3512 1303 3574 vel
1324 3514 1538 3593 perseeutione
1561 3513 1717 3594 pulsetur,

137 3608 624 3685 tori03cAbseutssrautem,
647 3605 754 3683 quiin
777 3601 906 3666 disemis
959 3603 1160 3666 nihilominus
1189 3606 1249 3670 orit
1281 3609 1386 3688 agenti
1418 3607 1543 3688 trigue
1567 3625 1720 3670 annorum

137 3695 908 3780 emtomsuabitant.ulossacit.1.camiolmoi,
958 3697 1149 3780 prescriptio
1162 3699 1341 3778 metuenda,
1358 3717 1376 3762 s
1393 3703 1453 3764 stc.
1468 3699 1642 3762 Concordat
1656 3705 1720 3761 tex·

139 3799 171 3874 y.
187 3795 227 3858 ld
245 3803 290 3858 ert
310 3815 370 3860 cuc
387 3793 596 3878 mortuaest
618 3789 760 3854 Bartolus
778 3787 852 3852 ibid.
868 3805 905 3852 ae
958 3800 1008 3857 tus
1031 3811 1058 3854 c.
1084 3791 1268 3856 Sanctorum.
1295 3797 1324 3857 3.
1349 3794 1382 3856 b.
1397 3800 1420 3857 t.
1444 3793 1499 3854 ubi
1521 3793 1651 3858 ecelesia
1663 3811 1721 3872 per

138 3895 316 3970 mutantur
329 3889 380 3952 alii
395 3889 521 3970 passim.
606 3922 611 3931 ·
958 3885 1095 3965 quietam
1122 3889 1152 3946 at
1178 3885 1342 3962 sinceram,
1366 3886 1427 3948 boo
1448 3885 1562 3964 sottus
1588 3884 1720 3964 explieat

179 3985 249 4046 153.
267 3981 356 4061 Quod,
370 3982 474 4065 siquis
487 3980 657 4065 quibusdam
674 3979 758 4044 euseb
777 3976 839 4058 fuit
851 3974 903 4038 ob·
957 3978 1064 4041 Glossa
1079 3977 1167 4059 ibid.)
1186 3979 1345 4042 bonafide
1367 3978 1580 4042 continuatam
1599 3995 1718 4058 posses·

136 4097 211 4154 eur,
226 4076 400 4160 qmbudcm
412 4093 551 4158 pressea
565 4108 606 4122 -
619 4077 710 4156 Reap.
730 4074 767 4137 11.
787 4071 904 4144 «Quod
957 4072 1078 4133 sionem
1096 4073 1221 4154 triginta
1235 4091 1404 4150 annorum,
1423 4071 1594 4154 prescribit
1607 4089 1673 4133 rem
1686 4073 1719 4134 et

136 4173 163 4234 si
177 4171 249 4252 quis
263 4171 452 4252 quibusdam
461 4169 551 4233 suuis
564 4187 702 4251 presens
716 4168 766 4242 sit,
776 4165 905 4246 quibus·
956 4167 1168 4245 possessiones
1180 4167 1300 4248 prinei.
1315 4169 1424 4247 Neque
1437 4168 1469 4228 in
1480 4166 1542 4228 boo
1556 4183 1631 4228 casu
1642 4165 1717 4245 (siaa

136 4267 209 4328 dum
224 4265 352 4343 amona
367 4263 554 4346 adjiciuntur
567 4265 595 4326 ei
610 4279 704 4344 super
715 4259 903 4324 decennium
955 4259 1111 4340 loquendo
1133 4261 1173 4324 de
1194 4260 1429 4342 prescriptione
1447 4258 1619 4338 longissimi
1640 4265 1717 4321 tcm-

136 4363 183 4422 tct
196 4361 286 4438 anni,
297 4365 374 4438 quot
387 4359 460 4420 anni
473 4375 513 4419 en
522 4357 673 4420 decennio
682 4354 899 4418 ruitabsens.»
956 4355 1052 4434 poris,
1069 4371 1181 4434 nempe
1194 4355 1320 4437 triginta
1333 4353 1382 4418 vol
1402 4351 1606 4433 quadraginta
1617 4369 1718 4414 auno·

135 4457 180 4517 lta
202 4455 430 4534 loquiturAut.
456 4449 539 4528 Quod
551 4451 586 4514 ai
606 4452 682 4533 quic.
701 4451 735 4512 G.
755 4447 790 4512 de
807 4449 903 4509 Pras·
956 4448 1037 4528 rum)
1058 4447 1223 4512 adhibetur
1241 4448 1395 4512 distinctio
1417 4445 1717 4517 neocesareae
1757 4499 1766 4532 ,

135 4548 212 4630 erup.
229 4547 313 4629 louqi
324 4554 446 4629 tempor.
462 4548 537 4619 One
557 4545 683 4624 quidam
697 4543 904 4606 communiter
956 4545 1125 4622 presentes
1150 4561 1158 4605 ε
1182 4562 1255 4607 uam
1281 4559 1383 4620 nequa
1403 4541 1455 4621 Jus
1477 4556 1546 4602 sam
1570 4537 1714 4612 adhibete

135 4643 181 4706 aio
201 4641 396 4722 intelligitur,
412 4641 497 4720 quod
517 4657 598 4703 unns
615 4657 717 4702 annus
729 4636 902 4718 presentie
956 4634 1008 4696 ubi
1023 4641 1127 4698 auem
1143 4637 1196 4717 jus
1208 4655 1273 4700 uon
1286 4634 1573 4717 distinguit-nequo
1587 4649 1645 4694 uos
1668 4631 1716 4693 di·

136 4737 327 4817 equivaleat
343 4735 465 4797 duobus
485 4734 575 4796 annis
588 4733 755 4806 absentie;
773 4739 804 4794 et
816 4732 902 4795 vicis·
955 4733 1113 4814 stinguere
1126 4732 1288 4810 debomus,
1302 4732 1324 4794 l.
1341 4729 1384 4794 lle
1395 4729 1499 4812 peto.
1514 4727 1599 4794 nde
1611 4725 1715 4790 Pulli-

135 4829 195 4888 aim
208 4827 275 4889 duo
287 4829 362 4889 anui
376 4827 536 4901 absentie,
547 4825 662 4889 iaciant
675 4843 773 4887 unum
785 4842 902 4886 anuum
954 4828 1040 4892 cubuc
1053 4825 1085 4888 io
1096 4845 1158 4889 reru
1170 4826 1273 4889 actico.
1290 4825 1344 4888 ubi
1362 4821 1582 4898 summarium,
1597 4823 1629 4884 et
1641 4819 1715 4882 doe·

134 4921 312 5002 presentie
329 4938 337 4982 :
353 4921 505 5001 adeoque,
522 4921 548 4983 si
568 4921 636 5002 quis
649 4939 707 5001 per
719 4925 789 4980 octo
802 4935 901 4980 annos
953 4930 1038 4986 toras
1051 4921 1178 5000 passim.
1632 4917 1635 4922 ’
1706 4986 1708 4994 ,

134 5035 277 5096 presens
298 5017 402 5096 iacnt,
419 5024 450 5080 et
463 5017 575 5080 deinde
596 5035 652 5098 per
674 5016 753 5077 duos
775 5013 899 5090 abasse
995 5017 1063 5078 reo.
1086 5011 1219 5075 Seruitus
1230 5029 1306 5074 mae
1317 5007 1475 5095 persoacib
1491 5008 1571 5072 uallo
1588 5017 1715 5089 tmpore

134 5111 187 5173 alii
202 5112 267 5174 duo
281 5111 356 5172 anni
369 5111 430 5173 siut
447 5110 715 5191 supperaddendi;
730 5107 774 5171 ita
787 5107 902 5170 uthee
952 5107 1248 5191 praemittebam
1265 5115 1360 5169 turum
1380 5103 1497 5167 tiberem
1517 5101 1649 5164 laudm.
1673 5123 1714 5150 -s

133 5203 329 5284 prescriptio
344 5211 415 5267 aute
435 5222 535 5267 annos
554 5203 720 5268 duodecim
739 5218 804 5262 non
817 5216 903 5263 com
954 5203 1106 5276 Queritur
1123 5203 1158 5265 ll.
1179 5201 1299 5274 Quanto
1318 5203 1457 5279 ternpore
1475 5195 1713 5275 prescribantur

133 5295 272 5377 plentur.
950 5299 1022 5378 jura
1036 5298 1227 5375 servitutum,
1243 5301 1296 5358 aut
1309 5294 1463 5362 mediante
1476 5283 1603 5351 altanus
1616 5304 1714 5367 pres·

174 5393 245 5455 tuo.
268 5389 326 5454 lter
346 5393 473 5470 eruo,
495 5411 545 5457 osu
561 5393 683 5477 brucos
704 5409 763 5456 coo
781 5401 902 5474 meunt
953 5392 1102 5474 criptiom
1115 5385 1338 5456 admittanturt
1359 5387 1432 5448 ileo
1454 5380 1584 5466 questio
1606 5397 1713 5465 prora·
