4016 6056
225 297 340 380 sarx.
362 284 1110 371 mutumttnrr'tcudsrlottusctecn
1124 289 1376 360 mutuantur
1389 284 1611 360 emulum.
1645 291 1700 362 est

133 431 228 494 edam
242 435 423 494 amoenum
437 431 547 495 Christi
560 431 710 506 fidelium,
719 437 750 494 et
760 447 890 510 prmaer-
945 431 1101 492 nationem
1123 429 1297 510 praedictas,
1313 431 1464 509 perpetuo
1479 427 1658 505 solidandis,
1674 437 1705 493 et

131 523 187 584 tim
201 523 481 587 eudesisstieerum
492 541 695 604 personarum
703 523 892 606 profectibus
945 524 1163 586 conservandis
1177 523 1313 599 budam,
1329 523 1484 601 conclusa,
1501 527 1532 586 et
1545 527 1705 605 acceptata

130 615 295 696 diligenter
317 617 444 692 intenti,
468 617 591 680 illorum
613 635 811 680 occurremus
833 617 892 680 dia-
944 615 1080 693 luerunt,
1095 615 1432 680 nulleteuusrecedcre
1449 617 1648 696 intendimus,
1663 635 1704 680 nc

129 710 305 790 perdisci
318 729 388 791 que
402 710 435 772 iu
448 712 601 792 cujusque
619 711 755 792 ipsorum
778 712 893 792 preju·
945 710 1018 772 dicti
1045 719 1302 792 presumptorem
1328 718 1359 774 et
1386 715 1626 792 contemptores,
1650 715 1705 775 sut

127 802 255 878 ffioim,
271 805 461 868 sirenosum
476 803 692 884 quavisetiom
710 805 892 866 auctoritule
944 821 1002 885 per
1023 821 1078 865 eus
1099 805 1131 866 in
1146 805 1234 868 dictis
1246 805 1406 878 benefieiis
1419 805 1529 868 intrusi
1544 823 1581 867 ex
1597 805 1705 886 hujus-

127 895 279 976 prodiiese
305 893 525 978 comperimus,
552 895 716 962 salubriter
742 893 890 958 reforme-
945 897 1029 959 modi
1050 899 1214 960 temeraria
1240 899 1481 978 praesumptione
1504 898 1628 980 gloriari
1651 915 1706 959 va-

127 1007 209 1052 mus
945 991 1040 1066 leant,
1056 1007 1134 1053 neve
1148 989 1207 1072 ipsi
1221 989 1328 1053 intrusi
1343 1007 1381 1052 ex
1401 990 1581 1053 adulterinis
1595 1007 1704 1052 eorum

166 1083 228 1162 §t
253 1082 364 1146 «Saue
387 1082 505 1146 dudum
527 1081 567 1146 ed
590 1085 730 1147 uestrum
751 1080 894 1162 pervertit
944 1085 1040 1149 titulis
1054 1086 1191 1165 aliquem
1212 1083 1347 1148 fructum
1368 1089 1538 1164 reportent,
1564 1101 1622 1146 nec
1644 1082 1704 1145 illis

126 1175 279 1254 notitam,
295 1176 429 1256 queliter
443 1175 582 1241 manniti
603 1174 838 1256 archiepiscopi,
861 1178 893 1240 et
945 1178 1057 1259 quibus
1077 1178 1117 1240 de
1140 1179 1298 1241 beneficiis
1319 1175 1482 1259 praedictis,
1497 1195 1554 1256 per
1566 1195 1634 1255 uos,
1650 1181 1705 1240 sut

127 1265 282 1348 episcopi,
305 1285 350 1330 ac·
364 1269 572 1335 licoissierum
594 1268 728 1348 prsalsti,
751 1268 891 1330 nonnulli
944 1269 1056 1334 dictam
1067 1270 1257 1349 Sedem,sau
1271 1272 1337 1351 ejas
1351 1272 1534 1334 anctoritate
1547 1271 1705 1351 provisum

127 1365 222 1426 etiam
244 1365 416 1448 principes,
440 1383 478 1428 ae
500 1365 617 1428 domini
639 1364 826 1445 temporales
848 1365 891 1425 in·
944 1367 1053 1441 extitit,
1068 1373 1099 1430 ct
1113 1367 1144 1428 iu
1158 1367 1297 1428 futurum
1311 1365 1531 1447 providebitur,
1543 1383 1599 1448 per
1612 1365 1706 1428 alicu·

126 1458 220 1538 clyie
232 1458 365 1522 sauods
379 1461 580 1537 Germanice,
597 1461 668 1537 post
681 1455 890 1520 miserabilem
941 1459 993 1538 iss
1016 1461 1163 1540 temporis
1183 1461 1321 1538 lluxum,
1346 1479 1402 1524 ssu
1424 1461 1561 1539 aliquam
1583 1461 1706 1541 patien-

127 1551 447 1634 desumpsissent,
463 1553 654 1626 collationes,
670 1549 890 1631 etdispositio·
944 1552 1032 1626 dam,
1045 1553 1093 1616 vel
1116 1552 1311 1616 tolerantium
1334 1552 1549 1634 prejudicium
1571 1551 1706 1628 lictant

126 1661 184 1706 nae
196 1643 419 1714 beneficiorum
439 1645 728 1722 ecclesiasticorum,
751 1642 841 1704 nobis
861 1646 893 1704 et
944 1643 1058 1708 tectum
1074 1648 1251 1722 censemur,
1267 1665 1305 1709 cx
1320 1647 1481 1727 pastoralis
1495 1644 1587 1707 cilicii
1601 1644 1704 1707 dubito

126 1737 205 1805 Sodi·
216 1738 414 1819 metelos,
444 1739 536 1802 adam
558 1741 670 1802 uirtute
690 1736 893 1798 concordato-
944 1739 1113 1819 previdere
1129 1739 1276 1816 volentes,
1292 1757 1330 1802 ao
1343 1737 1536 1802 concordatis
1550 1737 1705 1817 predictis

126 1849 198 1892 rom
210 1831 292 1894 intas
305 1831 421 1898 Senem
432 1841 464 1896 et
481 1832 641 1895 nationem
663 1829 823 1911 prelatum
843 1845 893 1890 re-
944 1831 1073 1896 lirrniter
1085 1832 1284 1911 iuberentoe,
1300 1837 1386 1896 motu
1400 1832 1535 1914 proprio,
1553 1837 1635 1894 etex
1649 1848 1706 1892 no-
1757 1897 1761 1904 ,

126 1932 337 2004 maiolum,
365 1932 485 1988 tem
510 1941 661 2005 usurpare
687 1939 893 2005 presumpse-
946 1933 1008 1990 stra
1022 1933 1143 1990 matura
1157 1927 1446 2005 deliberatiusque
1467 1929 1551 1988 certa
1565 1923 1703 2002 scientia,

126 2024 211 2096 runt,
228 2037 265 2080 ec
279 2019 471 2094 colladoncs,
487 2022 520 2081 et
532 2015 749 2098 dispositiones
759 2025 890 2095 nostrus,
945 2019 1126 2082 securitate
1140 2019 1319 2100 apostolica,
1330 2019 1370 2081 de
1379 2017 1556 2100 apostolice
1569 2021 1704 2098 poteste-

127 2119 160 2174 et
172 2110 264 2174 dcte
274 2111 366 2174 Sedis
378 2111 423 2173 de
436 2110 494 2173 illis
516 2109 614 2173 tautam
633 2107 798 2170 admittere
818 2105 892 2170 con-
946 2113 984 2176 tis
998 2114 1200 2195 plenitudine,
1216 2119 1324 2178 tenore
1347 2113 1547 2194 presseram
1569 2111 1707 2175 declare-

126 2207 339 2286 tompflemb
372 2203 487 2274 udum
513 2203 547 2265 in
574 2205 714 2265 nostrum
741 2205 773 2264 et
798 2201 894 2282 ipffl'us
946 2223 1026 2280 mus
1041 2213 1211 2286 protensas
1233 2207 1413 2272 collationes
1436 2213 1466 2270 et
1485 2205 1706 2286 aliusdisposi·

128 2296 218 2361 Sedis
232 2297 444 2378 vilipendium,
460 2297 515 2360 sed
533 2297 627 2360 etism
644 2293 814 2374 injurium
835 2314 893 2358 uo-
946 2297 1046 2361 tiones
1059 2299 1100 2360 de
1113 2299 1353 2379 quibuscunque
1365 2299 1523 2362 benetieiis
1546 2297 1706 2361 ecclesias-

128 2400 275 2468 strcrom,
290 2399 322 2454 et
335 2391 476 2472 ejusdem
489 2390 589 2466 Sedis,
608 2407 647 2452 ee
669 2387 802 2467 illorum,
829 2389 895 2470 qul-
946 2391 1109 2476 tioiscum
1131 2411 1205 2454 cura
1228 2399 1260 2456 et
1280 2393 1346 2456 sine
1369 2411 1453 2469 eura,
1470 2393 1559 2456 noble
1573 2399 1602 2455 et
1615 2391 1704 2454 dots

127 2485 263 2562 bue-de
283 2485 358 2566 ipsis
380 2485 539 2550 beneflciis
562 2483 763 2565 providimus,
786 2486 840 2545 aul
862 2484 895 2545 in
948 2485 1035 2558 sadi,
1050 2491 1085 2547 ut
1098 2484 1280 2564 preelertur,
1296 2486 1471 2564 resumatis,
1486 2503 1543 2568 per
1556 2485 1707 2566 archiepi-

127 2595 263 2661 quorum
276 2578 413 2642 levorem
427 2578 503 2640 alies
517 2575 737 2656 disposuimus,
754 2591 808 2636 seu
822 2591 894 2656 pro·
948 2595 1077 2658 scupos,
1105 2579 1286 2659 episcopos,
1313 2582 1461 2660 prelatos
1485 2586 1516 2642 et
1543 2579 1707 2642 saeculmes

126 2673 227 2738 videri
242 2679 274 2736 et
287 2671 409 2752 disponi
421 2671 649 2750 mendavimus,
670 2687 764 2750 grune
783 2669 894 2750 presio.
947 2669 1112 2751 principes,
1129 2678 1160 2734 et
1172 2671 1314 2734 dominos
1336 2689 1537 2753 quoscunque
1551 2672 1640 2735 dictae
1654 2689 1707 2734 na·

125 2769 254 2830 dicium.
269 2765 462 2846 litquamris
475 2769 583 2828 conus
601 2767 845 2844 presumpturos
863 2764 896 2826 et
946 2765 1050 2840 donn,
1071 2785 1127 2830 seu
1154 2767 1195 2829 ad
1221 2783 1329 2828 eorum
1351 2767 1632 2848 presentationem.
1655 2765 1706 2828 vel

123 2865 357 2940 contemptores
367 2859 546 2938 hujusmodi
558 2858 591 2919 in
605 2855 702 2931 bnlls,
726 2871 795 2934 que
817 2860 894 2934 quot
947 2861 1200 2940 nominationem,
1213 2862 1305 2924 etiam
1314 2879 1371 2943 per
1384 2861 1555 2923 ordinarios
1568 2863 1705 2942 ipsorum

122 2955 218 3018 anub
239 2953 271 3014 iu
294 2952 344 3014 dia
367 2954 471 3016 Goeuoe
493 2949 616 3014 Domini
640 2950 679 3014 de
702 2963 790 3009 moro
812 2946 894 3009 lecit
946 2955 1167 3018 beneflciomm
1190 2955 1353 3020 collatores
1367 2975 1386 3020 a
1399 2963 1539 3037 tempore
1552 2955 1643 3018 dcte
1658 2955 1706 3019 die

125 3049 198 3127 tuit,
212 3045 483 3123 deelsraverimus,
499 3052 531 3107 et
547 3043 708 3125 protestati
731 3041 893 3116 fuerimus,
946 3047 1094 3128 ruptionis
1115 3047 1193 3111 oltts
1214 3053 1322 3110 contre
1342 3055 1496 3124 tenorem,
1522 3055 1552 3110 et
1574 3047 1706 3109 turmam

127 3141 215 3223 quod
228 3139 444 3220 mposisse
457 3138 570 3210 etalii!
589 3138 826 3218 utillimum
843 3135 894 3216 ju-
946 3141 1099 3205 dictorum
1121 3141 1380 3204 eoncordetorum
1403 3139 1635 3221 quomodolibet
1660 3139 1707 3202 lu·

123 3233 317 3296 ribnsdicter
330 3232 415 3308 Sodi,
429 3238 462 3296 et
481 3237 597 3294 enee
619 3234 767 3292 {tomam
788 3228 894 3290 licole-
946 3238 1023 3308 etas,
1052 3233 1100 3296 vel
1126 3233 1159 3296 iu
1173 3238 1332 3314 posterum
1358 3234 1527 3314 faciendus,
1552 3231 1703 3314 personis,

126 3329 183 3392 siu
199 3327 418 3406 undecunque,
428 3333 460 3390 ut
469 3323 747 3406 quomodocunque
756 3319 893 3402 quesitis
946 3326 1071 3407 quibus,
1085 3331 1139 3388 eut
1160 3326 1194 3388 in
1212 3345 1344 3408 qusmm
1363 3327 1505 3392 favorem
1518 3327 1607 3389 facte
1620 3333 1703 3403 suut,

125 3441 186 3488 seu
199 3419 388 3502 merendis,
412 3437 469 3501 per
490 3433 693 3499 quoscumque
712 3423 802 3480 actus
822 3431 894 3477 con.
946 3419 1051 3481 autin
1069 3419 1229 3498 posterum
1251 3421 1337 3498 dent,
1352 3419 1411 3482 nisi
1425 3421 1485 3482 sint
1499 3437 1635 3502 pernes,
1651 3422 1706 3482 aut

124 3517 261 3592 trarios,
288 3522 343 3579 aut
369 3514 600 3595 quomodolibet
632 3509 890 3593 projiceremus,
946 3517 1062 3587 news,
1077 3511 1127 3576 vel
1140 3511 1230 3576 dicte
1243 3513 1333 3577 Sedis
1346 3513 1527 3577 auctoritate
1551 3511 1704 3595 approbu-

124 3611 524 3692 tacitosvaleuprcssom
541 3606 634 3669 nobis
649 3606 699 3668 vol
720 3605 760 3668 eb
783 3603 893 3666 eedem
945 3613 997 3680 te,
1020 3605 1141 3668 sollum
1164 3605 1297 3686 titulum,
1320 3606 1369 3670 vel
1383 3607 1519 3669 colorem
1531 3606 1599 3686 ipsa
1612 3605 1705 3667 bene·

124 3705 210 3770 Sede
223 3703 575 3785 quomodolibettuotcs,
591 3702 641 3766 vel
654 3699 823 3776 mundos,
839 3703 894 3762 aut
944 3698 1017 3761 licia
1029 3697 1205 3778 possidendi
1219 3699 1373 3779 tribuisse,
1387 3702 1443 3766 eut
1455 3699 1487 3760 in
1499 3698 1639 3762 mmmm
1652 3697 1707 3762 tri-

123 3815 347 3880 quomcenqoe
369 3797 521 3878 temporis
539 3796 669 3872 fluxum,
697 3794 747 3856 vel
773 3793 892 3875 patieu-
945 3789 1060 3865 buare;
1077 3790 1133 3852 sed
1146 3794 1178 3854 et
1190 3791 1258 3854 illus
1270 3809 1329 3873 pro
1342 3791 1433 3856 melus
1455 3790 1528 3855 lidei
1547 3807 1707 3872 possesso·

122 3893 214 3971 tiam,
243 3892 295 3954 vel
321 3891 518 3955 tolerantiam
544 3895 692 3963 neruum,
722 3886 815 3948 nobis
839 3892 892 3950 act
945 3885 1042 3961 ribos,
1059 3893 1089 3949 et
1111 3903 1198 3948 mers
1219 3886 1347 3950 inbutis
1367 3887 1407 3950 cb
1428 3885 1703 3968 omnibusbaberi,

121 3987 233 4050 eidem
251 3985 324 4050 Sodi
347 3987 525 4053 udbtauus
544 3983 742 4066 prejudioeri
763 3981 889 4059 orbem
944 3986 977 4044 et
1000 3979 1131 4056 censeri,
1146 3997 1184 4042 eo
1206 3979 1322 4044 bueus
1336 3999 1393 4061 per
1406 3997 1459 4043 cos
1472 3979 1632 4043 beneficiis
1646 3979 1707 4041 bu·

123 4087 180 4142 aut
194 4079 429 4160 quomodolibet
448 4095 565 4161 posse:
588 4077 891 4150 tumescentem
942 4073 1078 4155 jusmodi
1105 4079 1279 4154 perceptos,
1309 4078 1341 4137 et
1366 4073 1590 4155 percipiendos,
1619 4071 1705 4135 nullo

123 4175 195 4236 sirac
206 4175 415 4238 animinostn'
429 4191 563 4237 tumre
576 4173 795 4246 intelleximus,
812 4184 892 4232 uon·
945 4185 1083 4248 uuquam
1097 4171 1238 4250 tempore
1252 4185 1326 4232 suos
1338 4169 1453 4245 meere,
1464 4169 1520 4232 sed
1529 4169 1570 4231 ad
1583 4168 1705 4229 illorum

124 4269 203 4330 nulli
224 4286 265 4332 ex
284 4268 536 4349 archiepiscopis,
559 4267 721 4348 episeopis,
743 4263 889 4344 prehtis,
943 4261 1170 4326 restitutionem
1210 4263 1242 4324 in
1275 4267 1407 4346 utroque
1441 4265 1508 4326 toro
1541 4263 1706 4326 efficaciter

124 4359 330 4442 prinicipibus,
349 4369 380 4424 et
402 4361 534 4424 dominis
555 4357 723 4440 predictis,
741 4355 846 4419 adbuc
872 4374 893 4417 a
945 4355 1453 4436 nusquamnunquam
1466 4357 1702 4433 restitutionem,

125 4456 297 4537 premissis
318 4455 481 4518 desistere,
494 4471 559 4516 nou
579 4455 737 4528 curarunt,
766 4469 826 4513 nec
851 4449 891 4512 de
943 4448 1122 4530 inutnuqus
1139 4451 1209 4530 toro
1220 4453 1387 4516 efficaciter
1399 4453 1551 4536 obligatos
1565 4466 1634 4514 csse
1649 4469 1657 4512 r
1675 4453 1706 4514 et

124 4550 272 4630 presenti
298 4554 429 4622 curant;
458 4547 613 4628 quinimo,
644 4545 729 4625 quod
754 4541 891 4606 oswius
945 4543 1123 4614 adillorum
1136 4547 1425 4622 restitutionom,ed
1439 4561 1704 4627 eorum,quorum

124 4647 176 4706 est
196 4661 237 4706 ne
264 4643 457 4724 provisiones
479 4640 656 4722 apostolice
678 4637 890 4712 admittuntur,
944 4639 1084 4716 mcccc,
1109 4659 1164 4704 scu
1186 4642 1281 4705 etiam
1305 4642 1371 4705 deci
1394 4641 1490 4705 nostrl
1513 4641 1702 4716 instantiam,

123 4752 183 4816 per
204 4753 262 4798 sna
284 4735 431 4807 mundate
454 4735 548 4797 etiam
568 4731 705 4812 pecualia
726 4728 891 4810 prohibere
945 4733 1089 4796 omnibus
1121 4735 1181 4798 viis
1202 4736 1299 4816 jurle,
1326 4743 1358 4800 et
1382 4735 1528 4800 remediis
1560 4731 1705 4814 compelli

123 4847 190 4892 nou
202 4837 360 4909 verentur,
376 4830 410 4890 in
428 4827 602 4891 musarum
625 4841 752 4888 suerum
770 4823 892 4903 perion-
943 4841 1047 4906 poese,
1062 4833 1095 4890 at
1106 4827 1240 4905 deberet
1266 4834 1298 4891 et
1311 4847 1365 4893 eos
1377 4831 1463 4895 nudo
1476 4847 1616 4912 unquam
1628 4833 1705 4890 tem·

121 4926 202 5002 lum,
216 4939 249 4988 st
272 4925 405 4988 eliorum
425 4924 635 5006 prelatorum,
659 4939 696 4984 ec
718 4918 890 5000 principum
940 4937 1020 5001 pore
1045 4921 1198 4984 bsnslieio
1230 4923 1430 5004 regularum,
1459 4923 1503 4987 lle
1527 4921 1648 4999 mucii,
1676 4928 1705 4984 et

122 5019 349 5090 catholicorum
383 5019 474 5082 dictas
512 5015 647 5080 nationis
683 5013 891 5098 perniciosum
945 5014 1082 5078 most
1092 5015 1214 5099 purifico
1226 5035 1392 5100 possem,
1402 5017 1540 5102 gaudere
1550 5017 1701 5099 potuisse,

122 5113 313 5196 amplum,
329 5118 361 5181 at
374 5113 556 5177 scandalum
570 5109 784 5192 plurimorum.
943 5116 998 5172 sut
1011 5127 1112 5190 posse.

96 5267 99 5271 .
163 5207 226 5288 52.
241 5209 304 5272 Nos
329 5207 437 5289 igitm,
457 5208 510 5289 qui
532 5226 552 5269 a
572 5204 662 5268 diutia
684 5201 888 5281 concordatis,
981 5204 1386 5288 §a.«11tisvero,qcibus
1406 5207 1518 5272 cadem
1540 5201 1702 5288 beneficia,

125 5319 198 5383 que
213 5301 287 5365 olim
300 5301 447 5364 Romanoa
469 5299 626 5374 Ecclesia,
642 5301 674 5362 et
687 5297 777 5362 dicte
791 5295 891 5359 natio·
943 5312 1077 5378 pernos,
1088 5299 1606 5365 autauotorltateucstrsveldictu
1617 5301 1704 5364 Sedis

125 5397 178 5462 nis
191 5395 380 5472 haminibus,
402 5415 462 5478 pro
481 5395 577 5480 ipeim
600 5395 739 5459 cwlesite
763 5393 888 5470 unione,
943 5395 1051 5454 encre
1074 5397 1106 5455 et
1127 5391 1228 5456 torna
1250 5393 1505 5458 concordaturum
1527 5395 1703 5477 hujusmodl

126 5509 168 5556 ac
180 5509 271 5576 prce,
285 5495 316 5557 et
328 5491 550 5574 tranquillitate
571 5490 652 5556 inter
673 5487 840 5564 ecclesium
858 5491 891 5557 at
943 5485 1071 5550 mrvutis
1093 5485 1205 5554 cubeta
1225 5492 1308 5568 sont,
1333 5490 1389 5552 eut
1402 5488 1434 5551 in
1448 5487 1587 5555 loturum
1600 5489 1704 5556 conte·
