<?xml version="1.0" encoding="UTF-8"?>
<!DOCTYPE html PUBLIC "-//W3C//DTD XHTML 1.0 Transitional//EN"
    "http://www.w3.org/TR/xhtml1/DTD/xhtml1-transitional.dtd">
<html xmlns="http://www.w3.org/1999/xhtml" xml:lang="en" lang="en">
 <head>
  <title>
</title>
<meta http-equiv="Content-Type" content="text/html;charset=utf-8" />
  <meta name='ocr-system' content='tesseract 3.04.00' />
  <meta name='ocr-capabilities' content='ocr_page ocr_carea ocr_par ocr_line ocrx_word'/>
</head>
<body>
  <div class='ocr_page' id='page_1' title='image "./juscanonicumuni00pellgoog_0641.png"; bbox 0 0 4016 6056; ppageno 0'>
   <div class='ocr_carea' id='block_1_1' title="bbox 267 169 1240 256">
    <p class='ocr_par' dir='ltr' id='par_1_1' title="bbox 267 169 1240 256">
     <span class='ocr_line' id='line_1_1' title="bbox 267 169 1240 256; baseline -0.002 0"><span class='ocrx_word' id='word_1_1' title='bbox 267 194 326 256; x_wconf 85' lang='grc' dir='ltr'><strong>ιιι</strong></span> <span class='ocrx_word' id='word_1_2' title='bbox 899 171 1206 255; x_wconf 76' lang='lat' dir='ltr'><strong>nnnorauonns.</strong></span> <span class='ocrx_word' id='word_1_3' title='bbox 1237 169 1240 177; x_wconf 88' lang='lat'>&#39;</span> 
     </span>
    </p>
   </div>
   <div class='ocr_carea' id='block_1_2' title="bbox 249 321 1854 1246">
    <p class='ocr_par' dir='ltr' id='par_1_2' title="bbox 249 321 1854 1246">
     <span class='ocr_line' id='line_1_2' title="bbox 268 321 1839 399; baseline 0 -21"><span class='ocrx_word' id='word_1_4' title='bbox 268 321 325 398; x_wconf 90' lang='lat' dir='ltr'><strong>ipss</strong></span> <span class='ocrx_word' id='word_1_5' title='bbox 340 325 503 382; x_wconf 71' lang='lat' dir='ltr'><strong>enisum..</strong></span> <span class='ocrx_word' id='word_1_6' title='bbox 517 327 604 399; x_wconf 88' lang='lat' dir='ltr'><strong>capiet</strong></span> <span class='ocrx_word' id='word_1_7' title='bbox 617 332 772 398; x_wconf 78' lang='grc' dir='ltr'><strong>ριιιιιιιιι</strong></span> <span class='ocrx_word' id='word_1_8' title='bbox 792 323 952 382; x_wconf 76' lang='lat' dir='ltr'><strong>uidelicet...</strong></span> <span class='ocrx_word' id='word_1_9' title='bbox 968 325 1032 396; x_wconf 91' lang='lat' dir='ltr'><strong>piu·</strong></span> <span class='ocrx_word' id='word_1_10' title='bbox 1087 325 1176 381; x_wconf 87' lang='lat' dir='ltr'><strong>clerici</strong></span> <span class='ocrx_word' id='word_1_11' title='bbox 1197 323 1360 396; x_wconf 80' lang='lat' dir='ltr'>possidentes</span> <span class='ocrx_word' id='word_1_12' title='bbox 1373 323 1513 396; x_wconf 80' lang='lat' dir='ltr'><strong>predictas</strong></span> <span class='ocrx_word' id='word_1_13' title='bbox 1526 323 1645 378; x_wconf 89' lang='lat' dir='ltr'><strong>actiones</strong></span> <span class='ocrx_word' id='word_1_14' title='bbox 1658 325 1783 392; x_wconf 81' lang='lat' dir='ltr'><strong>tanquam</strong></span> <span class='ocrx_word' id='word_1_15' title='bbox 1795 339 1839 378; x_wconf 89' lang='lat' dir='ltr'><strong>ne-</strong></span> 
     </span>
     <span class='ocr_line' id='line_1_3' title="bbox 268 403 1843 487; baseline 0 -23"><span class='ocrx_word' id='word_1_16' title='bbox 268 403 413 478; x_wconf 80' lang='lat' dir='ltr'><strong>riale,eiue</strong></span> <span class='ocrx_word' id='word_1_17' title='bbox 427 413 518 466; x_wconf 90' lang='lat' dir='ltr'><strong>temen</strong></span> <span class='ocrx_word' id='word_1_18' title='bbox 530 410 655 466; x_wconf 82' lang='lat' dir='ltr'><strong>formatio</strong></span> <span class='ocrx_word' id='word_1_19' title='bbox 669 411 702 467; x_wconf 88' lang='lat' dir='ltr'><strong>ed</strong></span> <span class='ocrx_word' id='word_1_20' title='bbox 716 409 934 482; x_wconf 85' lang='lat' dir='ltr'><strong>pectus...Porro</strong></span> <span class='ocrx_word' id='word_1_21' title='bbox 947 406 1035 464; x_wconf 71' lang='lat' dir='ltr'><strong>«For-</strong></span> <span class='ocrx_word' id='word_1_22' title='bbox 1087 416 1230 487; x_wconf 76' lang='lat' dir='ltr'><strong>gotiatores</strong></span> <span class='ocrx_word' id='word_1_23' title='bbox 1251 407 1368 468; x_wconf 85' lang='lat' dir='ltr'><strong>habendi</strong></span> <span class='ocrx_word' id='word_1_24' title='bbox 1385 408 1485 475; x_wconf 82' lang='lat' dir='ltr'><strong>forent,</strong></span> <span class='ocrx_word' id='word_1_25' title='bbox 1499 424 1554 463; x_wconf 95' lang='lat' dir='ltr'><strong>non</strong></span> <span class='ocrx_word' id='word_1_26' title='bbox 1568 406 1628 464; x_wconf 87' lang='lat' dir='ltr'><strong>ideo</strong></span> <span class='ocrx_word' id='word_1_27' title='bbox 1641 413 1795 478; x_wconf 78' lang='lat' dir='ltr'><strong>peccarent,</strong></span> <span class='ocrx_word' id='word_1_28' title='bbox 1808 410 1843 464; x_wconf 90' lang='lat' dir='ltr'><strong>si·</strong></span> 
     </span>
     <span class='ocr_line' id='line_1_4' title="bbox 269 491 1846 573; baseline -0.002 -24"><span class='ocrx_word' id='word_1_29' title='bbox 269 491 385 561; x_wconf 73' lang='lat' dir='ltr'><strong>matiam,</strong></span> <span class='ocrx_word' id='word_1_30' title='bbox 400 493 489 564; x_wconf 85' lang='lat' dir='ltr'><strong>inquit</strong></span> <span class='ocrx_word' id='word_1_31' title='bbox 501 493 641 573; x_wconf 82' lang='lat' dir='ltr'><strong>Catalenus</strong></span> <span class='ocrx_word' id='word_1_32' title='bbox 654 495 683 549; x_wconf 92' lang='lat' dir='ltr'><strong>in</strong></span> <span class='ocrx_word' id='word_1_33' title='bbox 697 493 835 552; x_wconf 73' lang='lat' dir='ltr'><strong>Commeat.</strong></span> <span class='ocrx_word' id='word_1_34' title='bbox 850 491 1032 551; x_wconf 78' lang='lat' dir='ltr'><strong>odGcrremoe.</strong></span> <span class='ocrx_word' id='word_1_35' title='bbox 1087 497 1198 570; x_wconf 90' lang='lat' dir='ltr'><strong>quidem</strong></span> <span class='ocrx_word' id='word_1_36' title='bbox 1221 495 1365 567; x_wconf 78' lang='lat' dir='ltr'><strong>negotiatio</strong></span> <span class='ocrx_word' id='word_1_37' title='bbox 1388 494 1493 550; x_wconf 73' lang='lat' dir='ltr'><strong>clericis</strong></span> <span class='ocrx_word' id='word_1_38' title='bbox 1511 495 1593 550; x_wconf 76' lang='lat' dir='ltr'><strong>vetita</strong></span> <span class='ocrx_word' id='word_1_39' title='bbox 1612 497 1653 552; x_wconf 89' lang='lat' dir='ltr'><strong>est</strong></span> <span class='ocrx_word' id='word_1_40' title='bbox 1672 491 1719 546; x_wconf 87' lang='lat' dir='ltr'><strong>iila</strong></span> <span class='ocrx_word' id='word_1_41' title='bbox 1739 507 1797 562; x_wconf 79' lang='lat' dir='ltr'><strong>que</strong></span> <span class='ocrx_word' id='word_1_42' title='bbox 1817 491 1846 546; x_wconf 89' lang='lat' dir='ltr'><strong>iit</strong></span> 
     </span>
     <span class='ocr_line' id='line_1_5' title="bbox 249 573 1848 653; baseline -0.006 -13"><span class='ocrx_word' id='word_1_43' title='bbox 249 579 381 653; x_wconf 59' lang='lat' dir='ltr'><strong>,optentu</strong></span> <span class='ocrx_word' id='word_1_44' title='bbox 405 594 513 650; x_wconf 69' lang='lat' dir='ltr'><strong>gemme</strong></span> <span class='ocrx_word' id='word_1_45' title='bbox 535 595 583 634; x_wconf 79' lang='lat' dir='ltr'><strong>nen</strong></span> <span class='ocrx_word' id='word_1_46' title='bbox 607 594 688 636; x_wconf 76' lang='lat' dir='ltr'><strong>nureo</strong></span> <span class='ocrx_word' id='word_1_47' title='bbox 711 579 811 635; x_wconf 78' lang='lat' dir='ltr'><strong>lemine</strong></span> <span class='ocrx_word' id='word_1_48' title='bbox 832 584 966 652; x_wconf 72' lang='lat' dir='ltr'><strong>gemmeis</strong></span> <span class='ocrx_word' id='word_1_49' title='bbox 984 583 1034 646; x_wconf 78' lang='lat' dir='ltr'><strong>esi,</strong></span> <span class='ocrx_word' id='word_1_50' title='bbox 1089 599 1151 638; x_wconf 92' lang='lat' dir='ltr'><strong>cum</strong></span> <span class='ocrx_word' id='word_1_51' title='bbox 1164 596 1208 636; x_wconf 89' lang='lat' dir='ltr'><strong>res</strong></span> <span class='ocrx_word' id='word_1_52' title='bbox 1221 580 1384 634; x_wconf 87' lang='lat' dir='ltr'><strong>emunturet</strong></span> <span class='ocrx_word' id='word_1_53' title='bbox 1397 573 1688 637; x_wconf 62' lang='lat' dir='ltr'><strong>roconismontem</strong></span> <span class='ocrx_word' id='word_1_54' title='bbox 1699 573 1848 631; x_wconf 82' lang='lat' dir='ltr'><strong>nuliatenus</strong></span> 
     </span>
     <span class='ocr_line' id='line_1_6' title="bbox 270 659 1850 738; baseline -0.004 -18"><span class='ocrx_word' id='word_1_55' title='bbox 270 665 356 738; x_wconf 89' lang='lat' dir='ltr'><strong>posits</strong></span> <span class='ocrx_word' id='word_1_56' title='bbox 374 665 410 719; x_wconf 81' lang='lat' dir='ltr'><strong>in</strong></span> <span class='ocrx_word' id='word_1_57' title='bbox 437 664 521 721; x_wconf 85' lang='lat' dir='ltr'><strong>fibula</strong></span> <span class='ocrx_word' id='word_1_58' title='bbox 540 664 664 738; x_wconf 76' lang='lat' dir='ltr'><strong>pluvialis</strong></span> <span class='ocrx_word' id='word_1_59' title='bbox 685 665 813 737; x_wconf 89' lang='lat' dir='ltr'><strong>episcopi,</strong></span> <span class='ocrx_word' id='word_1_60' title='bbox 834 663 1036 738; x_wconf 74' lang='lat' dir='ltr'><strong>appellaturque</strong></span> <span class='ocrx_word' id='word_1_61' title='bbox 1088 669 1240 722; x_wconf 89' lang='lat' dir='ltr'><strong>immutata.</strong></span> <span class='ocrx_word' id='word_1_62' title='bbox 1255 662 1454 732; x_wconf 70' lang='lat' dir='ltr'><strong>commercium</strong></span> <span class='ocrx_word' id='word_1_63' title='bbox 1473 660 1643 728; x_wconf 90' lang='lat' dir='ltr'><strong>industriale,</strong></span> <span class='ocrx_word' id='word_1_64' title='bbox 1662 659 1731 716; x_wconf 90' lang='lat' dir='ltr'><strong>illud</strong></span> <span class='ocrx_word' id='word_1_65' title='bbox 1752 661 1850 714; x_wconf 89' lang='lat' dir='ltr'><strong>scilieet</strong></span> 
     </span>
     <span class='ocr_line' id='line_1_7' title="bbox 271 745 1850 824; baseline -0.003 -18"><span class='ocrx_word' id='word_1_66' title='bbox 271 751 353 806; x_wconf 90' lang='lat' dir='ltr'><strong>etiam</strong></span> <span class='ocrx_word' id='word_1_67' title='bbox 373 750 520 821; x_wconf 91' lang='lat' dir='ltr'><strong>pectorale,</strong></span> <span class='ocrx_word' id='word_1_68' title='bbox 541 749 614 822; x_wconf 89' lang='lat' dir='ltr'><strong>quod</strong></span> <span class='ocrx_word' id='word_1_69' title='bbox 635 751 664 804; x_wconf 91' lang='lat' dir='ltr'><strong>in</strong></span> <span class='ocrx_word' id='word_1_70' title='bbox 685 750 830 823; x_wconf 84' lang='lat' dir='ltr'><strong>pontificali</strong></span> <span class='ocrx_word' id='word_1_71' title='bbox 854 749 1036 806; x_wconf 88' lang='lat' dir='ltr'><strong>celebratione</strong></span> <span class='ocrx_word' id='word_1_72' title='bbox 1089 751 1161 824; x_wconf 85' lang='lat' dir='ltr'><strong>quod</strong></span> <span class='ocrx_word' id='word_1_73' title='bbox 1176 751 1207 806; x_wconf 83' lang='lat' dir='ltr'><strong>nt</strong></span> <span class='ocrx_word' id='word_1_74' title='bbox 1219 768 1251 806; x_wconf 84' lang='lat' dir='ltr'><strong>ex</strong></span> <span class='ocrx_word' id='word_1_75' title='bbox 1265 749 1346 804; x_wconf 89' lang='lat' dir='ltr'><strong>rebus</strong></span> <span class='ocrx_word' id='word_1_76' title='bbox 1360 747 1468 821; x_wconf 84' lang='lat' dir='ltr'><strong>emptis,</strong></span> <span class='ocrx_word' id='word_1_77' title='bbox 1478 751 1621 818; x_wconf 80' lang='lat' dir='ltr'><strong>peractam</strong></span> <span class='ocrx_word' id='word_1_78' title='bbox 1632 746 1699 800; x_wconf 83' lang='lat' dir='ltr'><strong>alies</strong></span> <span class='ocrx_word' id='word_1_79' title='bbox 1713 761 1767 801; x_wconf 91' lang='grc' dir='ltr'><strong>ιοι</strong></span> <span class='ocrx_word' id='word_1_80' title='bbox 1780 745 1850 801; x_wconf 90' lang='lat' dir='ltr'><strong>inde-</strong></span> 
     </span>
     <span class='ocr_line' id='line_1_8' title="bbox 272 829 1850 910; baseline -0.004 -19"><span class='ocrx_word' id='word_1_81' title='bbox 272 836 357 906; x_wconf 85' lang='lat' dir='ltr'><strong>posite</strong></span> <span class='ocrx_word' id='word_1_82' title='bbox 371 839 433 890; x_wconf 89' lang='lat' dir='ltr'><strong>ante</strong></span> <span class='ocrx_word' id='word_1_83' title='bbox 448 840 540 907; x_wconf 87' lang='lat' dir='ltr'><strong>pectus</strong></span> <span class='ocrx_word' id='word_1_84' title='bbox 554 834 670 907; x_wconf 84' lang='lat' dir='ltr'><strong>episcopi</strong></span> <span class='ocrx_word' id='word_1_85' title='bbox 684 836 799 910; x_wconf 86' lang='lat' dir='ltr'><strong>pendeat</strong></span> <span class='ocrx_word' id='word_1_86' title='bbox 820 836 856 890; x_wconf 85' lang='lat' dir='ltr'><strong>ite</strong></span> <span class='ocrx_word' id='word_1_87' title='bbox 877 841 908 889; x_wconf 91' lang='lat' dir='ltr'><strong>ut</strong></span> <span class='ocrx_word' id='word_1_88' title='bbox 926 835 1037 892; x_wconf 86' lang='lat' dir='ltr'><strong>fibulam</strong></span> <span class='ocrx_word' id='word_1_89' title='bbox 1090 829 1767 904; x_wconf 83' lang='lat' dir='ltr'><strong>centemtrenslormatis,nonprohibetur.&#39;landem</strong></span> <span class='ocrx_word' id='word_1_90' title='bbox 1777 829 1850 886; x_wconf 89' lang='lat' dir='ltr'><strong>theo·</strong></span> 
     </span>
     <span class='ocr_line' id='line_1_9' title="bbox 272 915 1850 994; baseline -0.004 -19"><span class='ocrx_word' id='word_1_91' title='bbox 272 919 396 993; x_wconf 76' lang='lat' dir='ltr'><strong>pluuialis</strong></span> <span class='ocrx_word' id='word_1_92' title='bbox 409 921 601 988; x_wconf 73' lang='lat' dir='ltr'><strong>cooperiet...»</strong></span> <span class='ocrx_word' id='word_1_93' title='bbox 618 918 740 976; x_wconf 80' lang='lat' dir='ltr'><strong>Meminit</strong></span> <span class='ocrx_word' id='word_1_94' title='bbox 750 925 778 975; x_wconf 92' lang='lat' dir='ltr'><strong>et</strong></span> <span class='ocrx_word' id='word_1_95' title='bbox 786 921 845 991; x_wconf 82' lang='lat' dir='ltr'><strong>ejus</strong></span> <span class='ocrx_word' id='word_1_96' title='bbox 853 919 881 976; x_wconf 85' lang='lat' dir='ltr'><strong>S.</strong></span> <span class='ocrx_word' id='word_1_97' title='bbox 890 919 1001 976; x_wconf 85' lang='lat' dir='ltr'><strong>Cercius</strong></span> <span class='ocrx_word' id='word_1_98' title='bbox 1010 919 1037 972; x_wconf 93' lang='lat' dir='ltr'><strong>in</strong></span> <span class='ocrx_word' id='word_1_99' title='bbox 1090 921 1145 994; x_wconf 78' lang='lat' dir='ltr'><strong>logi</strong></span> <span class='ocrx_word' id='word_1_100' title='bbox 1159 921 1205 994; x_wconf 91' lang='lat' dir='ltr'><strong>qui</strong></span> <span class='ocrx_word' id='word_1_101' title='bbox 1224 921 1370 992; x_wconf 77' lang='lat' dir='ltr'><strong>reprobant</strong></span> <span class='ocrx_word' id='word_1_102' title='bbox 1391 917 1630 988; x_wconf 72' lang='lat' dir='ltr'><strong>participationemv</strong></span> <span class='ocrx_word' id='word_1_103' title='bbox 1642 915 1801 971; x_wconf 82' lang='lat' dir='ltr'><strong>clericomm</strong></span> <span class='ocrx_word' id='word_1_104' title='bbox 1823 915 1850 970; x_wconf 91' lang='lat' dir='ltr'><strong>iu</strong></span> 
     </span>
     <span class='ocr_line' id='line_1_10' title="bbox 272 999 1851 1074; baseline -0.001 -16"><span class='ocrx_word' id='word_1_105' title='bbox 272 1003 349 1060; x_wconf 77' lang='lat' dir='ltr'><strong>Actis</strong></span> <span class='ocrx_word' id='word_1_106' title='bbox 361 1001 499 1059; x_wconf 75' lang='grc' dir='ltr'><strong>Μιιίιῑιιι.</strong></span> <span class='ocrx_word' id='word_1_107' title='bbox 514 1000 585 1059; x_wconf 78' lang='grc' dir='ltr'><strong>ΕιιΙ.</strong></span> <span class='ocrx_word' id='word_1_108' title='bbox 601 1002 649 1058; x_wconf 92' lang='lat' dir='ltr'><strong>ubi</strong></span> <span class='ocrx_word' id='word_1_109' title='bbox 663 1003 717 1074; x_wconf 79' lang='lat' dir='ltr'><strong>agit</strong></span> <span class='ocrx_word' id='word_1_110' title='bbox 731 1001 764 1058; x_wconf 89' lang='lat' dir='ltr'><strong>ds</strong></span> <span class='ocrx_word' id='word_1_111' title='bbox 782 1005 840 1074; x_wconf 88' lang='lat' dir='ltr'><strong>ipso</strong></span> <span class='ocrx_word' id='word_1_112' title='bbox 861 1001 988 1074; x_wconf 87' lang='lat' dir='ltr'><strong>pectorali</strong></span> <span class='ocrx_word' id='word_1_113' title='bbox 1003 1001 1037 1057; x_wconf 82' lang='lat' dir='ltr'><strong>ed</strong></span> <span class='ocrx_word' id='word_1_114' title='bbox 1091 1007 1258 1064; x_wconf 72' lang='lat' dir='ltr'><strong>societatibus</strong></span> <span class='ocrx_word' id='word_1_115' title='bbox 1279 1005 1330 1060; x_wconf 92' lang='lat' dir='ltr'><strong>sub</strong></span> <span class='ocrx_word' id='word_1_116' title='bbox 1350 1003 1459 1058; x_wconf 89' lang='lat' dir='ltr'><strong>nomine</strong></span> <span class='ocrx_word' id='word_1_117' title='bbox 1478 1000 1616 1058; x_wconf 84' lang='lat' dir='ltr'><strong>collectiro</strong></span> <span class='ocrx_word' id='word_1_118' title='bbox 1631 1001 1665 1056; x_wconf 89' lang='lat' dir='ltr'><strong>ad</strong></span> <span class='ocrx_word' id='word_1_119' title='bbox 1677 999 1785 1056; x_wconf 89' lang='lat' dir='ltr'><strong>lucrum</strong></span> <span class='ocrx_word' id='word_1_120' title='bbox 1800 1006 1851 1056; x_wconf 86' lang='lat' dir='ltr'><strong>sta-</strong></span> 
     </span>
     <span class='ocr_line' id='line_1_11' title="bbox 274 1085 1852 1168; baseline -0.006 -18"><span class='ocrx_word' id='word_1_121' title='bbox 274 1088 396 1161; x_wconf 83' lang='lat' dir='ltr'><strong>pluviciie</strong></span> <span class='ocrx_word' id='word_1_122' title='bbox 417 1087 592 1168; x_wconf 75' lang='lat' dir='ltr'><strong>connectendi</strong></span> <span class='ocrx_word' id='word_1_123' title='bbox 621 1103 701 1143; x_wconf 85' lang='lat' dir='ltr'><strong>usum</strong></span> <span class='ocrx_word' id='word_1_124' title='bbox 729 1087 801 1158; x_wconf 84' lang='lat' dir='ltr'><strong>qued</strong></span> <span class='ocrx_word' id='word_1_125' title='bbox 822 1090 859 1142; x_wconf 85' lang='lat' dir='ltr'><strong>ite</strong></span> <span class='ocrx_word' id='word_1_126' title='bbox 879 1085 1037 1144; x_wconf 76' lang='lat' dir='ltr'><strong>describit:</strong></span> <span class='ocrx_word' id='word_1_127' title='bbox 1090 1093 1174 1149; x_wconf 84' lang='lat' dir='ltr'><strong>bitiais</strong></span> <span class='ocrx_word' id='word_1_128' title='bbox 1199 1092 1230 1162; x_wconf 82' lang='lat' dir='ltr'><strong>ju</strong></span> <span class='ocrx_word' id='word_1_129' title='bbox 1256 1093 1346 1145; x_wconf 85' lang='lat' dir='ltr'><strong>mente</strong></span> <span class='ocrx_word' id='word_1_130' title='bbox 1368 1105 1421 1144; x_wconf 88' lang='lat' dir='ltr'><strong>uon</strong></span> <span class='ocrx_word' id='word_1_131' title='bbox 1443 1087 1579 1144; x_wconf 74' lang='lat' dir='ltr'><strong>habebant</strong></span> <span class='ocrx_word' id='word_1_132' title='bbox 1599 1087 1742 1143; x_wconf 77' lang='lat' dir='ltr'><strong>societates</strong></span> <span class='ocrx_word' id='word_1_133' title='bbox 1764 1103 1852 1154; x_wconf 81' lang='lat' dir='ltr'><strong>novas,</strong></span> 
     </span>
     <span class='ocr_line' id='line_1_12' title="bbox 277 1169 1854 1246; baseline -0.001 -20"><span class='ocrx_word' id='word_1_134' title='bbox 277 1172 441 1229; x_wconf 78' lang='lat' dir='ltr'><strong>«Pectorale</strong></span> <span class='ocrx_word' id='word_1_135' title='bbox 456 1171 557 1228; x_wconf 88' lang='lat' dir='ltr'><strong>scilicet</strong></span> <span class='ocrx_word' id='word_1_136' title='bbox 570 1171 638 1228; x_wconf 92' lang='lat' dir='ltr'><strong>illud</strong></span> <span class='ocrx_word' id='word_1_137' title='bbox 653 1189 706 1242; x_wconf 93' lang='lat' dir='ltr'><strong>quo</strong></span> <span class='ocrx_word' id='word_1_138' title='bbox 728 1176 789 1226; x_wconf 87' lang='lat' dir='ltr'><strong>aute</strong></span> <span class='ocrx_word' id='word_1_139' title='bbox 808 1176 901 1244; x_wconf 91' lang='lat' dir='ltr'><strong>pectus</strong></span> <span class='ocrx_word' id='word_1_140' title='bbox 922 1169 1039 1244; x_wconf 75' lang='lat' dir='ltr'><strong>pluviale</strong></span> <span class='ocrx_word' id='word_1_141' title='bbox 1091 1175 1229 1238; x_wconf 81' lang='lat' dir='ltr'><strong>hodiernis</strong></span> <span class='ocrx_word' id='word_1_142' title='bbox 1251 1172 1417 1246; x_wconf 75' lang='lat' dir='ltr'><strong>temporibus</strong></span> <span class='ocrx_word' id='word_1_143' title='bbox 1438 1174 1608 1244; x_wconf 77' lang='lat' dir='ltr'><strong>excogitatos,</strong></span> <span class='ocrx_word' id='word_1_144' title='bbox 1629 1188 1749 1243; x_wconf 87' lang='lat' dir='ltr'><strong>quarum</strong></span> <span class='ocrx_word' id='word_1_145' title='bbox 1767 1169 1854 1228; x_wconf 89' lang='lat' dir='ltr'><strong>condi-</strong></span> 
     </span>
    </p>
   </div>
   <div class='ocr_carea' id='block_1_3' title="bbox 247 1257 1046 2860">
    <p class='ocr_par' dir='ltr' id='par_1_3' title="bbox 247 1257 1040 1500">
     <span class='ocr_line' id='line_1_13' title="bbox 247 1257 1039 1330; baseline -0.005 -16"><span class='ocrx_word' id='word_1_146' title='bbox 247 1312 251 1323; x_wconf 76' lang='lat'><strong>,</strong></span> <span class='ocrx_word' id='word_1_147' title='bbox 275 1277 290 1314; x_wconf 90' lang='grc' dir='ltr'><strong>ι</strong></span> <span class='ocrx_word' id='word_1_148' title='bbox 306 1259 483 1328; x_wconf 87' lang='lat' dir='ltr'><strong>connectitur,</strong></span> <span class='ocrx_word' id='word_1_149' title='bbox 496 1257 601 1313; x_wconf 89' lang='lat' dir='ltr'><strong>duobus</strong></span> <span class='ocrx_word' id='word_1_150' title='bbox 616 1259 720 1314; x_wconf 91' lang='lat' dir='ltr'><strong>uncinis</strong></span> <span class='ocrx_word' id='word_1_151' title='bbox 734 1258 871 1329; x_wconf 77' lang='lat' dir='ltr'><strong>subiectis,</strong></span> <span class='ocrx_word' id='word_1_152' title='bbox 887 1261 1039 1330; x_wconf 78' lang='lat' dir='ltr'><strong>erargento</strong></span> 
     </span>
     <span class='ocr_line' id='line_1_14' title="bbox 275 1340 1040 1416; baseline -0.004 -18"><span class='ocrx_word' id='word_1_153' title='bbox 275 1361 291 1398; x_wconf 91' lang='grc' dir='ltr'><strong>ιι</strong></span> <span class='ocrx_word' id='word_1_154' title='bbox 307 1343 428 1399; x_wconf 85' lang='lat' dir='ltr'><strong>inaurato</strong></span> <span class='ocrx_word' id='word_1_155' title='bbox 441 1341 587 1398; x_wconf 84' lang='lat' dir='ltr'><strong>conflatum</strong></span> <span class='ocrx_word' id='word_1_156' title='bbox 601 1357 659 1400; x_wconf 86' lang='lat' dir='ltr'><strong>esse</strong></span> <span class='ocrx_word' id='word_1_157' title='bbox 674 1340 764 1413; x_wconf 89' lang='lat' dir='ltr'><strong>debet,</strong></span> <span class='ocrx_word' id='word_1_158' title='bbox 778 1342 822 1398; x_wconf 93' lang='lat' dir='ltr'><strong>cni</strong></span> <span class='ocrx_word' id='word_1_159' title='bbox 830 1341 898 1416; x_wconf 83' lang='lat' dir='ltr'><strong>iapis</strong></span> <span class='ocrx_word' id='word_1_160' title='bbox 906 1341 1040 1414; x_wconf 89' lang='lat' dir='ltr'><strong>pretiosus</strong></span> 
     </span>
     <span class='ocr_line' id='line_1_15' title="bbox 276 1429 729 1500; baseline -0.004 -16"><span class='ocrx_word' id='word_1_161' title='bbox 276 1445 292 1484; x_wconf 84' lang='grc' dir='ltr'><strong>ι</strong></span> <span class='ocrx_word' id='word_1_162' title='bbox 307 1429 439 1485; x_wconf 83' lang='lat' dir='ltr'><strong>inseretur</strong></span> <span class='ocrx_word' id='word_1_163' title='bbox 452 1431 499 1484; x_wconf 86' lang='lat' dir='ltr'><strong>aut</strong></span> <span class='ocrx_word' id='word_1_164' title='bbox 512 1445 587 1484; x_wconf 86' lang='lat' dir='ltr'><strong>sacra</strong></span> <span class='ocrx_word' id='word_1_165' title='bbox 599 1429 700 1500; x_wconf 75' lang='lat' dir='ltr'><strong>imago,</strong></span> <span class='ocrx_word' id='word_1_166' title='bbox 717 1447 729 1481; x_wconf 88' lang='grc' dir='ltr'><strong>ι</strong></span> 
     </span>
    </p>

    <p class='ocr_par' dir='ltr' id='par_1_4' title="bbox 277 1509 1046 2522">
     <span class='ocr_line' id='line_1_16' title="bbox 311 1509 1042 1586; baseline -0.003 -17"><span class='ocrx_word' id='word_1_167' title='bbox 311 1513 391 1569; x_wconf 89' lang='lat' dir='ltr'><strong>llacri</strong></span> <span class='ocrx_word' id='word_1_168' title='bbox 405 1515 432 1569; x_wconf 90' lang='lat' dir='ltr'><strong>iu</strong></span> <span class='ocrx_word' id='word_1_169' title='bbox 446 1529 494 1568; x_wconf 89' lang='lat' dir='ltr'><strong>suo</strong></span> <span class='ocrx_word' id='word_1_170' title='bbox 504 1509 663 1572; x_wconf 78' lang='lat' dir='ltr'><strong>Hierolsca&#39;oo</strong></span> <span class='ocrx_word' id='word_1_171' title='bbox 672 1513 717 1569; x_wconf 90' lang='lat' dir='ltr'><strong>dat</strong></span> <span class='ocrx_word' id='word_1_172' title='bbox 726 1509 885 1586; x_wconf 84' lang='lat' dir='ltr'><strong>sequentem</strong></span> <span class='ocrx_word' id='word_1_173' title='bbox 899 1512 1042 1584; x_wconf 88' lang='lat' dir='ltr'><strong>pectoralis</strong></span> 
     </span>
     <span class='ocr_line' id='line_1_17' title="bbox 277 1596 1042 1672; baseline -0.001 -18"><span class='ocrx_word' id='word_1_174' title='bbox 277 1597 462 1655; x_wconf 84' lang='lat' dir='ltr'><strong>definitionem</strong></span> <span class='ocrx_word' id='word_1_175' title='bbox 479 1613 486 1654; x_wconf 81' lang='grc' dir='ltr'><strong>ι</strong></span> <span class='ocrx_word' id='word_1_176' title='bbox 505 1598 576 1655; x_wconf 85' lang='lat' dir='ltr'><strong>«Sic</strong></span> <span class='ocrx_word' id='word_1_177' title='bbox 588 1600 737 1671; x_wconf 87' lang='lat' dir='ltr'><strong>appellatur</strong></span> <span class='ocrx_word' id='word_1_178' title='bbox 757 1615 865 1672; x_wconf 78' lang='lat' dir='ltr'><strong>gemma</strong></span> <span class='ocrx_word' id='word_1_179' title='bbox 879 1596 925 1654; x_wconf 91' lang='lat' dir='ltr'><strong>ills</strong></span> <span class='ocrx_word' id='word_1_180' title='bbox 939 1615 998 1672; x_wconf 79' lang='lat' dir='ltr'><strong>que</strong></span> <span class='ocrx_word' id='word_1_181' title='bbox 1014 1597 1042 1653; x_wconf 90' lang='lat' dir='ltr'><strong>in</strong></span> 
     </span>
     <span class='ocr_line' id='line_1_18' title="bbox 277 1681 1042 1756; baseline -0.001 -20"><span class='ocrx_word' id='word_1_182' title='bbox 277 1681 422 1754; x_wconf 83' lang='lat' dir='ltr'><strong>pontificali</strong></span> <span class='ocrx_word' id='word_1_183' title='bbox 440 1681 618 1738; x_wconf 78' lang='lat' dir='ltr'><strong>celebratione</strong></span> <span class='ocrx_word' id='word_1_184' title='bbox 632 1681 741 1756; x_wconf 87' lang='lat' dir='ltr'><strong>ponitur</strong></span> <span class='ocrx_word' id='word_1_185' title='bbox 754 1683 872 1755; x_wconf 87' lang='lat' dir='ltr'><strong>pendens</strong></span> <span class='ocrx_word' id='word_1_186' title='bbox 879 1687 940 1738; x_wconf 89' lang='lat' dir='ltr'><strong>ente</strong></span> <span class='ocrx_word' id='word_1_187' title='bbox 952 1687 1042 1755; x_wconf 88' lang='lat' dir='ltr'><strong>pectus</strong></span> 
     </span>
     <span class='ocr_line' id='line_1_19' title="bbox 278 1763 1044 1838; baseline -0.005 -16"><span class='ocrx_word' id='word_1_188' title='bbox 278 1767 404 1838; x_wconf 86' lang='lat' dir='ltr'><strong>episcopi,</strong></span> <span class='ocrx_word' id='word_1_189' title='bbox 425 1766 461 1822; x_wconf 87' lang='lat' dir='ltr'><strong>ite</strong></span> <span class='ocrx_word' id='word_1_190' title='bbox 474 1771 504 1821; x_wconf 89' lang='lat' dir='ltr'><strong>ut</strong></span> <span class='ocrx_word' id='word_1_191' title='bbox 516 1765 627 1822; x_wconf 86' lang='lat' dir='ltr'><strong>flbulem</strong></span> <span class='ocrx_word' id='word_1_192' title='bbox 641 1765 765 1838; x_wconf 80' lang='lat' dir='ltr'><strong>pluuialis</strong></span> <span class='ocrx_word' id='word_1_193' title='bbox 786 1767 929 1836; x_wconf 90' lang='lat' dir='ltr'><strong>cooperiat,</strong></span> <span class='ocrx_word' id='word_1_194' title='bbox 948 1765 991 1821; x_wconf 81' lang='lat' dir='ltr'><strong>nel</strong></span> <span class='ocrx_word' id='word_1_195' title='bbox 1015 1763 1044 1819; x_wconf 89' lang='lat' dir='ltr'><strong>in</strong></span> 
     </span>
     <span class='ocr_line' id='line_1_20' title="bbox 278 1851 1042 1924; baseline -0.003 -16"><span class='ocrx_word' id='word_1_196' title='bbox 278 1853 331 1908; x_wconf 79' lang='lat' dir='ltr'><strong>dne</strong></span> <span class='ocrx_word' id='word_1_197' title='bbox 345 1857 476 1924; x_wconf 85' lang='lat' dir='ltr'><strong>aperturae</strong></span> <span class='ocrx_word' id='word_1_198' title='bbox 495 1851 601 1908; x_wconf 88' lang='lat' dir='ltr'><strong>collaris</strong></span> <span class='ocrx_word' id='word_1_199' title='bbox 622 1852 728 1908; x_wconf 77' lang='lat' dir='ltr'><strong>cesule.</strong></span> <span class='ocrx_word' id='word_1_200' title='bbox 752 1851 887 1924; x_wconf 79' lang='lat' dir='ltr'><strong>Significat</strong></span> <span class='ocrx_word' id='word_1_201' title='bbox 901 1851 1042 1923; x_wconf 76' lang='lat' dir='ltr'><strong>sudquum</strong></span> 
     </span>
     <span class='ocr_line' id='line_1_21' title="bbox 278 1937 1042 2006; baseline -0.004 -12"><span class='ocrx_word' id='word_1_202' title='bbox 278 1939 379 1994; x_wconf 88' lang='lat' dir='ltr'><strong>summi</strong></span> <span class='ocrx_word' id='word_1_203' title='bbox 393 1937 536 1994; x_wconf 86' lang='lat' dir='ltr'><strong>sacerdotis</strong></span> <span class='ocrx_word' id='word_1_204' title='bbox 549 1938 688 2006; x_wconf 88' lang='lat' dir='ltr'><strong>rationale,</strong></span> <span class='ocrx_word' id='word_1_205' title='bbox 703 1938 763 1995; x_wconf 90' lang='lat' dir='ltr'><strong>ideo</strong></span> <span class='ocrx_word' id='word_1_206' title='bbox 776 1939 859 1994; x_wconf 88' lang='lat' dir='ltr'><strong>etiam</strong></span> <span class='ocrx_word' id='word_1_207' title='bbox 868 1937 998 1993; x_wconf 84' lang='lat' dir='ltr'><strong>rationale</strong></span> <span class='ocrx_word' id='word_1_208' title='bbox 1013 1939 1042 1990; x_wconf 91' lang='lat' dir='ltr'><strong>in</strong></span> 
     </span>
     <span class='ocr_line' id='line_1_22' title="bbox 279 2023 1042 2096; baseline -0.005 -15"><span class='ocrx_word' id='word_1_209' title='bbox 279 2023 397 2096; x_wconf 88' lang='lat' dir='ltr'><strong>quodam</strong></span> <span class='ocrx_word' id='word_1_210' title='bbox 410 2025 520 2096; x_wconf 89' lang='lat' dir='ltr'><strong>antiquo</strong></span> <span class='ocrx_word' id='word_1_211' title='bbox 536 2025 724 2095; x_wconf 86' lang='lat' dir='ltr'><strong>manuscripto</strong></span> <span class='ocrx_word' id='word_1_212' title='bbox 730 2023 909 2078; x_wconf 81' lang='lat' dir='ltr'><strong>caeremoniali</strong></span> <span class='ocrx_word' id='word_1_213' title='bbox 923 2023 1042 2096; x_wconf 87' lang='lat' dir='ltr'><strong>appella-</strong></span> 
     </span>
     <span class='ocr_line' id='line_1_23' title="bbox 279 2107 1043 2182; baseline -0.001 -17"><span class='ocrx_word' id='word_1_214' title='bbox 279 2114 339 2173; x_wconf 86' lang='lat' dir='ltr'><strong>tur;</strong></span> <span class='ocrx_word' id='word_1_215' title='bbox 352 2113 378 2166; x_wconf 89' lang='lat' dir='ltr'><strong>et</strong></span> <span class='ocrx_word' id='word_1_216' title='bbox 386 2107 414 2164; x_wconf 91' lang='grc' dir='ltr'><strong>ἱι</strong></span> <span class='ocrx_word' id='word_1_217' title='bbox 423 2109 610 2166; x_wconf 77' lang='lat' dir='ltr'><strong>ceremoniali</strong></span> <span class='ocrx_word' id='word_1_218' title='bbox 623 2109 812 2182; x_wconf 90' lang='lat' dir='ltr'><strong>episcoporum</strong></span> <span class='ocrx_word' id='word_1_219' title='bbox 825 2108 979 2164; x_wconf 83' lang='lat' dir='ltr'><strong>formalium</strong></span> <span class='ocrx_word' id='word_1_220' title='bbox 994 2107 1043 2164; x_wconf 92' lang='lat' dir='ltr'><strong>de·</strong></span> 
     </span>
     <span class='ocr_line' id='line_1_24' title="bbox 280 2191 1046 2265; baseline 0.003 -17"><span class='ocrx_word' id='word_1_221' title='bbox 280 2195 445 2250; x_wconf 87' lang='lat' dir='ltr'><strong>nominatur.</strong></span> <span class='ocrx_word' id='word_1_222' title='bbox 459 2210 475 2248; x_wconf 92' lang='grc' dir='ltr'><strong>ιι</strong></span> <span class='ocrx_word' id='word_1_223' title='bbox 492 2191 561 2248; x_wconf 90' lang='lat' dir='ltr'><strong>Solis</strong></span> <span class='ocrx_word' id='word_1_224' title='bbox 571 2192 686 2263; x_wconf 84' lang='lat' dir='ltr'><strong>prelatis</strong></span> <span class='ocrx_word' id='word_1_225' title='bbox 699 2194 828 2264; x_wconf 88' lang='lat' dir='ltr'><strong>competit</strong></span> <span class='ocrx_word' id='word_1_226' title='bbox 836 2192 985 2265; x_wconf 89' lang='lat' dir='ltr'><strong>pectorale;</strong></span> <span class='ocrx_word' id='word_1_227' title='bbox 994 2209 1046 2253; x_wconf 90' lang='lat' dir='ltr'><strong>neo</strong></span> 
     </span>
     <span class='ocr_line' id='line_1_25' title="bbox 281 2277 1044 2352; baseline -0.003 -17"><span class='ocrx_word' id='word_1_228' title='bbox 281 2277 424 2351; x_wconf 79' lang='lat' dir='ltr'><strong>dignitates</strong></span> <span class='ocrx_word' id='word_1_229' title='bbox 437 2293 487 2334; x_wconf 90' lang='lat' dir='ltr'><strong>nec</strong></span> <span class='ocrx_word' id='word_1_230' title='bbox 501 2277 620 2334; x_wconf 89' lang='lat' dir='ltr'><strong>canonici</strong></span> <span class='ocrx_word' id='word_1_231' title='bbox 635 2278 792 2334; x_wconf 90' lang='lat' dir='ltr'><strong>solemniter</strong></span> <span class='ocrx_word' id='word_1_232' title='bbox 806 2277 972 2334; x_wconf 79' lang='lat' dir='ltr'><strong>celebrantes</strong></span> <span class='ocrx_word' id='word_1_233' title='bbox 981 2295 1044 2352; x_wconf 87' lang='lat' dir='ltr'><strong>pos-</strong></span> 
     </span>
     <span class='ocr_line' id='line_1_26' title="bbox 282 2363 1045 2438; baseline 0 -18"><span class='ocrx_word' id='word_1_234' title='bbox 282 2369 345 2420; x_wconf 86' lang='lat' dir='ltr'><strong>sunt</strong></span> <span class='ocrx_word' id='word_1_235' title='bbox 359 2363 427 2420; x_wconf 92' lang='lat' dir='ltr'><strong>illud</strong></span> <span class='ocrx_word' id='word_1_236' title='bbox 443 2367 557 2436; x_wconf 74' lang='lat' dir='ltr'><strong>gestare,</strong></span> <span class='ocrx_word' id='word_1_237' title='bbox 577 2365 698 2433; x_wconf 78' lang='lat' dir='ltr'><strong>quamuis</strong></span> <span class='ocrx_word' id='word_1_238' title='bbox 719 2365 828 2438; x_wconf 86' lang='lat' dir='ltr'><strong>antiqua</strong></span> <span class='ocrx_word' id='word_1_239' title='bbox 852 2366 887 2420; x_wconf 89' lang='lat' dir='ltr'><strong>sit</strong></span> <span class='ocrx_word' id='word_1_240' title='bbox 912 2367 1045 2421; x_wconf 86' lang='lat' dir='ltr'><strong>contraria</strong></span> 
     </span>
     <span class='ocr_line' id='line_1_27' title="bbox 281 2448 1044 2522; baseline 0.001 -17"><span class='ocrx_word' id='word_1_241' title='bbox 281 2449 459 2519; x_wconf 89' lang='lat' dir='ltr'><strong>consuetudo,</strong></span> <span class='ocrx_word' id='word_1_242' title='bbox 471 2451 509 2504; x_wconf 92' lang='lat' dir='ltr'><strong>uti</strong></span> <span class='ocrx_word' id='word_1_243' title='bbox 520 2448 637 2505; x_wconf 86' lang='lat' dir='ltr'><strong>decrerit</strong></span> <span class='ocrx_word' id='word_1_244' title='bbox 649 2449 677 2505; x_wconf 92' lang='lat' dir='ltr'><strong>S.</strong></span> <span class='ocrx_word' id='word_1_245' title='bbox 694 2450 727 2505; x_wconf 87' lang='lat' dir='ltr'><strong>ll.</strong></span> <span class='ocrx_word' id='word_1_246' title='bbox 743 2449 773 2506; x_wconf 85' lang='lat' dir='ltr'><strong>C.</strong></span> <span class='ocrx_word' id='word_1_247' title='bbox 789 2449 834 2505; x_wconf 90' lang='lat' dir='ltr'><strong>dio</strong></span> <span class='ocrx_word' id='word_1_248' title='bbox 845 2451 1044 2522; x_wconf 73' lang='grc' dir='ltr'><strong>15ιιρ1.1753.</strong></span> 
     </span>
    </p>

    <p class='ocr_par' dir='ltr' id='par_1_5' title="bbox 283 2531 1046 2860">
     <span class='ocr_line' id='line_1_28' title="bbox 318 2531 1044 2613; baseline -0.004 -21"><span class='ocrx_word' id='word_1_249' title='bbox 318 2537 349 2592; x_wconf 89' lang='lat' dir='ltr'><strong>ln</strong></span> <span class='ocrx_word' id='word_1_250' title='bbox 362 2534 490 2592; x_wconf 81' lang='lat' dir='ltr'><strong>decretali</strong></span> <span class='ocrx_word' id='word_1_251' title='bbox 505 2535 550 2590; x_wconf 87' lang='lat' dir='ltr'><strong>cit.</strong></span> <span class='ocrx_word' id='word_1_252' title='bbox 561 2531 655 2613; x_wconf 73' lang='lat' dir='ltr'><strong>Clerici</strong></span> <span class='ocrx_word' id='word_1_253' title='bbox 668 2533 756 2607; x_wconf 69' lang='lat' dir='ltr'><strong>officio</strong></span> <span class='ocrx_word' id='word_1_254' title='bbox 765 2533 930 2606; x_wconf 88' lang='lat' dir='ltr'><strong>prohibitum</strong></span> <span class='ocrx_word' id='word_1_255' title='bbox 939 2540 979 2592; x_wconf 89' lang='lat' dir='ltr'><strong>est</strong></span> <span class='ocrx_word' id='word_1_256' title='bbox 988 2535 1044 2590; x_wconf 89' lang='lat' dir='ltr'><strong>cle-</strong></span> 
     </span>
     <span class='ocr_line' id='line_1_29' title="bbox 283 2617 1046 2690; baseline 0.004 -16"><span class='ocrx_word' id='word_1_257' title='bbox 283 2619 345 2674; x_wconf 90' lang='lat' dir='ltr'><strong>ricis</strong></span> <span class='ocrx_word' id='word_1_258' title='bbox 359 2635 393 2674; x_wconf 90' lang='lat' dir='ltr'><strong>ne</strong></span> <span class='ocrx_word' id='word_1_259' title='bbox 406 2618 585 2690; x_wconf 87' lang='lat' dir='ltr'><strong>pectoralibus</strong></span> <span class='ocrx_word' id='word_1_260' title='bbox 607 2617 741 2673; x_wconf 86' lang='lat' dir='ltr'><strong>deauratis</strong></span> <span class='ocrx_word' id='word_1_261' title='bbox 761 2621 879 2674; x_wconf 87' lang='lat' dir='ltr'><strong>utantur.</strong></span> <span class='ocrx_word' id='word_1_262' title='bbox 896 2618 936 2675; x_wconf 84' lang='lat' dir='ltr'><strong>ci.</strong></span> <span class='ocrx_word' id='word_1_263' title='bbox 953 2625 1046 2676; x_wconf 87' lang='lat' dir='ltr'><strong>aucto·</strong></span> 
     </span>
     <span class='ocr_line' id='line_1_30' title="bbox 283 2697 1045 2776; baseline 0.001 -17"><span class='ocrx_word' id='word_1_264' title='bbox 283 2719 342 2759; x_wconf 88' lang='lat' dir='ltr'><strong>rem</strong></span> <span class='ocrx_word' id='word_1_265' title='bbox 364 2706 487 2758; x_wconf 87' lang='lat' dir='ltr'><strong>nostrum</strong></span> <span class='ocrx_word' id='word_1_266' title='bbox 501 2719 530 2758; x_wconf 92' lang='grc' dir='ltr'><strong>ι.</strong></span> <span class='ocrx_word' id='word_1_267' title='bbox 549 2703 610 2760; x_wconf 80' lang='lat' dir='ltr'><strong>lot.</strong></span> <span class='ocrx_word' id='word_1_268' title='bbox 625 2697 674 2758; x_wconf 88' lang='lat' dir='ltr'><strong>llic</strong></span> <span class='ocrx_word' id='word_1_269' title='bbox 696 2703 786 2774; x_wconf 75' lang='lat' dir='ltr'><strong>agitur</strong></span> <span class='ocrx_word' id='word_1_270' title='bbox 809 2701 843 2757; x_wconf 89' lang='lat' dir='ltr'><strong>de</strong></span> <span class='ocrx_word' id='word_1_271' title='bbox 862 2702 969 2776; x_wconf 79' lang='lat' dir='ltr'><strong>singulo</strong></span> <span class='ocrx_word' id='word_1_272' title='bbox 991 2717 1045 2776; x_wconf 88' lang='lat' dir='ltr'><strong>quo</strong></span> 
     </span>
     <span class='ocr_line' id='line_1_31' title="bbox 283 2785 793 2860; baseline -0.008 -16"><span class='ocrx_word' id='word_1_273' title='bbox 283 2787 347 2860; x_wconf 92' lang='lat' dir='ltr'><strong>equi</strong></span> <span class='ocrx_word' id='word_1_274' title='bbox 360 2791 453 2860; x_wconf 90' lang='lat' dir='ltr'><strong>pectus</strong></span> <span class='ocrx_word' id='word_1_275' title='bbox 470 2785 588 2842; x_wconf 89' lang='lat' dir='ltr'><strong>ambitur</strong></span> <span class='ocrx_word' id='word_1_276' title='bbox 600 2790 629 2842; x_wconf 91' lang='lat' dir='ltr'><strong>et</strong></span> <span class='ocrx_word' id='word_1_277' title='bbox 641 2787 793 2857; x_wconf 73' lang='lat' dir='ltr'><strong>stringitur.</strong></span> 
     </span>
    </p>
   </div>
   <div class='ocr_carea' id='block_1_4' title="bbox 507 2879 851 2990">
    <p class='ocr_par' dir='ltr' id='par_1_6' title="bbox 507 2879 851 2990">
     <span class='ocr_line' id='line_1_32' title="bbox 507 2879 851 2990; baseline -0.003 0"><span class='ocrx_word' id='word_1_278' title='bbox 507 2932 700 2990; x_wconf 68' lang='lat' dir='ltr'><strong>ueterano</strong></span> <span class='ocrx_word' id='word_1_279' title='bbox 715 2931 823 2990; x_wconf 82' lang='lat' dir='ltr'><strong>xxxvi.</strong></span> <span class='ocrx_word' id='word_1_280' title='bbox 845 2879 851 2892; x_wconf 93' lang='lat'>·</span> 
     </span>
    </p>
   </div>
   <div class='ocr_carea' id='block_1_5' title="bbox 343 3083 959 3160">
    <p class='ocr_par' dir='ltr' id='par_1_7' title="bbox 343 3083 959 3160">
     <span class='ocr_line' id='line_1_33' title="bbox 343 3083 959 3160; baseline -0.013 -10"><span class='ocrx_word' id='word_1_281' title='bbox 343 3143 347 3150; x_wconf 89' lang='lat'>.</span> <span class='ocrx_word' id='word_1_282' title='bbox 373 3083 433 3144; x_wconf 71' lang='lat' dir='ltr'><strong>bid.</strong></span> <span class='ocrx_word' id='word_1_283' title='bbox 449 3083 496 3144; x_wconf 89' lang='lat' dir='ltr'><strong>lll.</strong></span> <span class='ocrx_word' id='word_1_284' title='bbox 515 3083 567 3142; x_wconf 75' lang='lat' dir='ltr'><strong>Tit.</strong></span> <span class='ocrx_word' id='word_1_285' title='bbox 582 3084 605 3144; x_wconf 87' lang='lat'><strong>1.</strong></span> <span class='ocrx_word' id='word_1_286' title='bbox 621 3085 637 3158; x_wconf 83' lang='lat'><strong>§</strong></span> <span class='ocrx_word' id='word_1_287' title='bbox 654 3083 686 3156; x_wconf 79' lang='lat' dir='ltr'><strong>V,</strong></span> <span class='ocrx_word' id='word_1_288' title='bbox 700 3101 728 3144; x_wconf 91' lang='lat' dir='ltr'><strong>a.</strong></span> <span class='ocrx_word' id='word_1_289' title='bbox 745 3084 808 3156; x_wconf 77' lang='lat'><strong>139,</strong></span> <span class='ocrx_word' id='word_1_290' title='bbox 820 3101 883 3160; x_wconf 78' lang='lat' dir='ltr'><strong>pop.</strong></span> <span class='ocrx_word' id='word_1_291' title='bbox 894 3084 959 3144; x_wconf 75' lang='lat' dir='ltr'><strong>det.</strong></span> 
     </span>
    </p>
   </div>
   <div class='ocr_carea' id='block_1_6' title="bbox 286 3255 1051 3392">
    <p class='ocr_par' dir='ltr' id='par_1_8' title="bbox 286 3255 1051 3392">
     <span class='ocr_line' id='line_1_34' title="bbox 286 3255 1051 3313; baseline 0.001 -14"><span class='ocrx_word' id='word_1_292' title='bbox 286 3255 492 3300; x_wconf 76' lang='lat' dir='ltr'><strong>aususausus</strong></span> <span class='ocrx_word' id='word_1_293' title='bbox 501 3255 616 3298; x_wconf 78' lang='lat' dir='ltr'><strong>cusancia</strong></span> <span class='ocrx_word' id='word_1_294' title='bbox 625 3255 764 3298; x_wconf 83' lang='grc' dir='ltr'><strong>ιοιιιιιιι</strong></span> <span class='ocrx_word' id='word_1_295' title='bbox 771 3255 907 3306; x_wconf 76' lang='lat' dir='ltr'><strong>aunuum,</strong></span> <span class='ocrx_word' id='word_1_296' title='bbox 915 3256 949 3298; x_wconf 89' lang='grc' dir='ltr'><strong>ιι</strong></span> <span class='ocrx_word' id='word_1_297' title='bbox 956 3257 1051 3313; x_wconf 81' lang='lat' dir='ltr'><strong>annun,</strong></span> 
     </span>
     <span class='ocr_line' id='line_1_35' title="bbox 286 3324 980 3392; baseline 0.004 -16"><span class='ocrx_word' id='word_1_298' title='bbox 286 3366 289 3376; x_wconf 91' lang='lat'><strong><em>.</em></strong></span> <span class='ocrx_word' id='word_1_299' title='bbox 357 3339 459 3382; x_wconf 84' lang='grc' dir='ltr'><strong>ιιιιιι</strong></span> <span class='ocrx_word' id='word_1_300' title='bbox 473 3338 661 3392; x_wconf 83' lang='grc' dir='ltr'><strong>ιιιιιιιιιι,</strong></span> <span class='ocrx_word' id='word_1_301' title='bbox 675 3339 707 3380; x_wconf 85' lang='grc' dir='ltr'><strong>ιι</strong></span> <span class='ocrx_word' id='word_1_302' title='bbox 720 3339 798 3381; x_wconf 82' lang='lat' dir='ltr'><strong>snus</strong></span> <span class='ocrx_word' id='word_1_303' title='bbox 811 3324 980 3382; x_wconf 80' lang='lat' dir='ltr'><strong>uususuonsi</strong></span> 
     </span>
    </p>
   </div>
   <div class='ocr_carea' id='block_1_7' title="bbox 288 3461 1057 4718">
    <p class='ocr_par' dir='ltr' id='par_1_9' title="bbox 288 3461 1054 4124">
     <span class='ocr_line' id='line_1_36' title="bbox 323 3461 1052 3535; baseline 0.003 -16"><span class='ocrx_word' id='word_1_304' title='bbox 323 3461 473 3535; x_wconf 81' lang='lat' dir='ltr'><strong>Scriptores</strong></span> <span class='ocrx_word' id='word_1_305' title='bbox 486 3477 652 3518; x_wconf 74' lang='lat' dir='ltr'><strong>mensorum</strong></span> <span class='ocrx_word' id='word_1_306' title='bbox 663 3461 760 3534; x_wconf 89' lang='lat' dir='ltr'><strong>quibus</strong></span> <span class='ocrx_word' id='word_1_307' title='bbox 769 3463 874 3532; x_wconf 90' lang='lat' dir='ltr'><strong>titulus,</strong></span> <span class='ocrx_word' id='word_1_308' title='bbox 887 3462 972 3520; x_wconf 82' lang='lat' dir='ltr'><strong>Rsoue</strong></span> <span class='ocrx_word' id='word_1_309' title='bbox 984 3464 1052 3521; x_wconf 78' lang='lat' dir='ltr'><strong>tido-</strong></span> 
     </span>
     <span class='ocr_line' id='line_1_37' title="bbox 288 3546 1052 3622; baseline -0.003 -16"><span class='ocrx_word' id='word_1_310' title='bbox 288 3547 399 3622; x_wconf 78' lang='lat' dir='ltr'><strong>lupique,</strong></span> <span class='ocrx_word' id='word_1_311' title='bbox 413 3549 475 3620; x_wconf 85' lang='lat' dir='ltr'><strong>jun.</strong></span> <span class='ocrx_word' id='word_1_312' title='bbox 492 3547 569 3614; x_wconf 86' lang='grc'><strong>1858,</strong></span> <span class='ocrx_word' id='word_1_313' title='bbox 585 3546 654 3602; x_wconf 90' lang='lat' dir='ltr'><strong>serie</strong></span> <span class='ocrx_word' id='word_1_314' title='bbox 668 3546 715 3616; x_wconf 87' lang='lat' dir='ltr'><strong>lli,</strong></span> <span class='ocrx_word' id='word_1_315' title='bbox 731 3563 792 3618; x_wconf 78' lang='lat' dir='ltr'><strong>pag.</strong></span> <span class='ocrx_word' id='word_1_316' title='bbox 810 3549 860 3604; x_wconf 81' lang='grc'><strong>135</strong></span> <span class='ocrx_word' id='word_1_317' title='bbox 876 3554 904 3603; x_wconf 92' lang='lat' dir='ltr'><strong>et</strong></span> <span class='ocrx_word' id='word_1_318' title='bbox 927 3552 987 3619; x_wconf 83' lang='lat' dir='ltr'><strong>rso,</strong></span> <span class='ocrx_word' id='word_1_319' title='bbox 1004 3549 1052 3604; x_wconf 89' lang='lat' dir='ltr'><strong>do·</strong></span> 
     </span>
     <span class='ocr_line' id='line_1_38' title="bbox 290 3630 1052 3707; baseline -0.001 -16"><span class='ocrx_word' id='word_1_320' title='bbox 290 3638 406 3691; x_wconf 91' lang='lat' dir='ltr'><strong>cuerunt</strong></span> <span class='ocrx_word' id='word_1_321' title='bbox 419 3630 487 3687; x_wconf 90' lang='lat' dir='ltr'><strong>illud</strong></span> <span class='ocrx_word' id='word_1_322' title='bbox 500 3632 613 3687; x_wconf 80' lang='lat' dir='ltr'><strong>uetitum</strong></span> <span class='ocrx_word' id='word_1_323' title='bbox 627 3647 696 3700; x_wconf 90' lang='lat' dir='ltr'><strong>esse,</strong></span> <span class='ocrx_word' id='word_1_324' title='bbox 711 3647 744 3686; x_wconf 88' lang='lat' dir='ltr'><strong>ex</strong></span> <span class='ocrx_word' id='word_1_325' title='bbox 759 3648 791 3686; x_wconf 89' lang='lat' dir='ltr'><strong>eo</strong></span> <span class='ocrx_word' id='word_1_326' title='bbox 800 3632 873 3703; x_wconf 91' lang='lat' dir='ltr'><strong>quod</strong></span> <span class='ocrx_word' id='word_1_327' title='bbox 887 3633 990 3705; x_wconf 88' lang='lat' dir='ltr'><strong>clerici,</strong></span> <span class='ocrx_word' id='word_1_328' title='bbox 1005 3635 1052 3707; x_wconf 89' lang='lat' dir='ltr'><strong>qui</strong></span> 
     </span>
     <span class='ocr_line' id='line_1_39' title="bbox 290 3714 1053 3789; baseline 0 -15"><span class='ocrx_word' id='word_1_329' title='bbox 290 3717 353 3775; x_wconf 91' lang='lat' dir='ltr'><strong>dant</strong></span> <span class='ocrx_word' id='word_1_330' title='bbox 366 3716 506 3789; x_wconf 85' lang='lat' dir='ltr'><strong>pecuniam</strong></span> <span class='ocrx_word' id='word_1_331' title='bbox 527 3715 561 3771; x_wconf 91' lang='lat' dir='ltr'><strong>ed</strong></span> <span class='ocrx_word' id='word_1_332' title='bbox 578 3716 732 3770; x_wconf 88' lang='lat' dir='ltr'><strong>societatem</strong></span> <span class='ocrx_word' id='word_1_333' title='bbox 748 3721 778 3770; x_wconf 90' lang='lat' dir='ltr'><strong>ut</strong></span> <span class='ocrx_word' id='word_1_334' title='bbox 792 3714 853 3772; x_wconf 92' lang='lat' dir='ltr'><strong>inde</strong></span> <span class='ocrx_word' id='word_1_335' title='bbox 867 3717 974 3773; x_wconf 88' lang='lat' dir='ltr'><strong>luorum</strong></span> <span class='ocrx_word' id='word_1_336' title='bbox 989 3735 1053 3774; x_wconf 94' lang='lat' dir='ltr'><strong>cum</strong></span> 
     </span>
     <span class='ocr_line' id='line_1_40' title="bbox 290 3798 1054 3875; baseline 0 -17"><span class='ocrx_word' id='word_1_337' title='bbox 290 3804 349 3858; x_wconf 87' lang='lat' dir='ltr'><strong>aliis</strong></span> <span class='ocrx_word' id='word_1_338' title='bbox 361 3801 440 3857; x_wconf 84' lang='lat' dir='ltr'><strong>sociis</strong></span> <span class='ocrx_word' id='word_1_339' title='bbox 453 3803 603 3872; x_wconf 88' lang='lat' dir='ltr'><strong>reportent,</strong></span> <span class='ocrx_word' id='word_1_340' title='bbox 615 3798 740 3856; x_wconf 88' lang='lat' dir='ltr'><strong>dicuntur</strong></span> <span class='ocrx_word' id='word_1_341' title='bbox 757 3799 885 3872; x_wconf 64' lang='lat' dir='ltr'><strong>nepotari</strong></span> <span class='ocrx_word' id='word_1_342' title='bbox 892 3820 901 3873; x_wconf 90' lang='lat'>;</span> <span class='ocrx_word' id='word_1_343' title='bbox 918 3803 1054 3875; x_wconf 86' lang='lat' dir='ltr'><strong>siquidem</strong></span> 
     </span>
     <span class='ocr_line' id='line_1_41' title="bbox 291 3881 1053 3942; baseline -0.001 0"><span class='ocrx_word' id='word_1_344' title='bbox 291 3901 386 3942; x_wconf 89' lang='lat' dir='ltr'><strong>omues</strong></span> <span class='ocrx_word' id='word_1_345' title='bbox 398 3881 432 3938; x_wconf 88' lang='lat' dir='ltr'><strong>ad</strong></span> <span class='ocrx_word' id='word_1_346' title='bbox 446 3886 610 3938; x_wconf 85' lang='lat' dir='ltr'><strong>contractum</strong></span> <span class='ocrx_word' id='word_1_347' title='bbox 618 3881 749 3940; x_wconf 72' lang='lat' dir='ltr'><strong>societatis</strong></span> <span class='ocrx_word' id='word_1_348' title='bbox 759 3890 948 3942; x_wconf 86' lang='lat' dir='ltr'><strong>concurrentes</strong></span> <span class='ocrx_word' id='word_1_349' title='bbox 957 3885 1053 3942; x_wconf 54' lang='lat' dir='ltr'><strong>dicun*</strong></span> 
     </span>
     <span class='ocr_line' id='line_1_42' title="bbox 291 3968 1053 4046; baseline 0.004 -20"><span class='ocrx_word' id='word_1_350' title='bbox 291 3976 336 4026; x_wconf 90' lang='lat' dir='ltr'><strong>tur</strong></span> <span class='ocrx_word' id='word_1_351' title='bbox 349 3968 480 4040; x_wconf 81' lang='lat' dir='ltr'><strong>negotiari</strong></span> <span class='ocrx_word' id='word_1_352' title='bbox 495 3968 550 4023; x_wconf 82' lang='lat' dir='ltr'><strong>sive</strong></span> <span class='ocrx_word' id='word_1_353' title='bbox 562 3968 703 4040; x_wconf 88' lang='lat' dir='ltr'><strong>pecuniam</strong></span> <span class='ocrx_word' id='word_1_354' title='bbox 717 3969 880 4040; x_wconf 88' lang='lat' dir='ltr'><strong>ministrent,</strong></span> <span class='ocrx_word' id='word_1_355' title='bbox 908 3973 963 4028; x_wconf 81' lang='lat' dir='ltr'><strong>sire</strong></span> <span class='ocrx_word' id='word_1_356' title='bbox 990 3989 1053 4046; x_wconf 93' lang='lat' dir='ltr'><strong>ope-</strong></span> 
     </span>
     <span class='ocr_line' id='line_1_43' title="bbox 291 4051 769 4124; baseline -0.004 -14"><span class='ocrx_word' id='word_1_357' title='bbox 291 4070 360 4124; x_wconf 86' lang='lat' dir='ltr'><strong>ram,</strong></span> <span class='ocrx_word' id='word_1_358' title='bbox 375 4051 671 4122; x_wconf 81' lang='lat' dir='ltr'><strong>sireindustrism,sire</strong></span> <span class='ocrx_word' id='word_1_359' title='bbox 686 4053 769 4112; x_wconf 89' lang='lat' dir='ltr'><strong>aliud.</strong></span> 
     </span>
    </p>

    <p class='ocr_par' dir='ltr' id='par_1_10' title="bbox 292 4135 1057 4718">
     <span class='ocr_line' id='line_1_44' title="bbox 328 4135 1057 4207; baseline 0.004 -12"><span class='ocrx_word' id='word_1_360' title='bbox 328 4139 425 4195; x_wconf 87' lang='lat' dir='ltr'><strong>Contre</strong></span> <span class='ocrx_word' id='word_1_361' title='bbox 438 4135 506 4191; x_wconf 88' lang='lat' dir='ltr'><strong>banc</strong></span> <span class='ocrx_word' id='word_1_362' title='bbox 525 4135 679 4207; x_wconf 86' lang='lat' dir='ltr'><strong>opinionem</strong></span> <span class='ocrx_word' id='word_1_363' title='bbox 701 4135 915 4196; x_wconf 83' lang='lat' dir='ltr'><strong>dissertationem</strong></span> <span class='ocrx_word' id='word_1_364' title='bbox 942 4141 1057 4198; x_wconf 90' lang='lat' dir='ltr'><strong>instituit</strong></span> 
     </span>
     <span class='ocr_line' id='line_1_45' title="bbox 292 4217 1054 4298; baseline 0.008 -20"><span class='ocrx_word' id='word_1_365' title='bbox 292 4222 325 4278; x_wconf 84' lang='lat' dir='ltr'><strong>b.</strong></span> <span class='ocrx_word' id='word_1_366' title='bbox 341 4221 437 4289; x_wconf 88' lang='lat' dir='ltr'><strong>Bonir,</strong></span> <span class='ocrx_word' id='word_1_367' title='bbox 451 4219 538 4276; x_wconf 82' lang='lat' dir='ltr'><strong>Reuss</strong></span> <span class='ocrx_word' id='word_1_368' title='bbox 551 4218 595 4274; x_wconf 86' lang='lat' dir='ltr'><strong>des</strong></span> <span class='ocrx_word' id='word_1_369' title='bbox 615 4217 734 4277; x_wconf 77' lang='grc' dir='ltr'><strong>διίιιιιιι</strong></span> <span class='ocrx_word' id='word_1_370' title='bbox 755 4221 968 4298; x_wconf 54' lang='lat' dir='ltr'><strong>memetipsam,</strong></span> <span class='ocrx_word' id='word_1_371' title='bbox 988 4231 1054 4286; x_wconf 88' lang='lat' dir='ltr'><strong>tom.</strong></span> 
     </span>
     <span class='ocr_line' id='line_1_46' title="bbox 293 4305 1056 4384; baseline 0.007 -20"><span class='ocrx_word' id='word_1_372' title='bbox 293 4308 328 4377; x_wconf 92' lang='lat' dir='ltr'><strong>ll,</strong></span> <span class='ocrx_word' id='word_1_373' title='bbox 342 4323 403 4379; x_wconf 79' lang='lat' dir='ltr'><strong>pag.</strong></span> <span class='ocrx_word' id='word_1_374' title='bbox 419 4305 471 4362; x_wconf 88' lang='grc'><strong>444</strong></span> <span class='ocrx_word' id='word_1_375' title='bbox 486 4311 512 4361; x_wconf 92' lang='lat' dir='ltr'><strong>et</strong></span> <span class='ocrx_word' id='word_1_376' title='bbox 525 4322 600 4378; x_wconf 85' lang='lat' dir='ltr'><strong>seqq.</strong></span> <span class='ocrx_word' id='word_1_377' title='bbox 615 4309 643 4360; x_wconf 90' lang='lat' dir='ltr'><strong>et</strong></span> <span class='ocrx_word' id='word_1_378' title='bbox 657 4306 792 4362; x_wconf 88' lang='lat' dir='ltr'><strong>concludit</strong></span> <span class='ocrx_word' id='word_1_379' title='bbox 809 4310 912 4367; x_wconf 89' lang='lat' dir='ltr'><strong>nullam</strong></span> <span class='ocrx_word' id='word_1_380' title='bbox 933 4314 1056 4384; x_wconf 91' lang='lat' dir='ltr'><strong>prohibi·</strong></span> 
     </span>
     <span class='ocr_line' id='line_1_47' title="bbox 294 4389 1056 4464; baseline 0.013 -20"><span class='ocrx_word' id='word_1_381' title='bbox 294 4391 398 4445; x_wconf 72' lang='lat' dir='ltr'><strong>donem</strong></span> <span class='ocrx_word' id='word_1_382' title='bbox 420 4389 534 4444; x_wconf 81' lang='lat' dir='ltr'><strong>existere</strong></span> <span class='ocrx_word' id='word_1_383' title='bbox 549 4389 693 4461; x_wconf 89' lang='lat' dir='ltr'><strong>quominus</strong></span> <span class='ocrx_word' id='word_1_384' title='bbox 707 4390 796 4446; x_wconf 90' lang='lat' dir='ltr'><strong>clerici</strong></span> <span class='ocrx_word' id='word_1_385' title='bbox 810 4394 964 4464; x_wconf 85' lang='lat' dir='ltr'><strong>possideant</strong></span> <span class='ocrx_word' id='word_1_386' title='bbox 976 4398 1056 4454; x_wconf 89' lang='lat' dir='ltr'><strong>actio·</strong></span> 
     </span>
     <span class='ocr_line' id='line_1_48' title="bbox 295 4471 1054 4549; baseline 0.009 -19"><span class='ocrx_word' id='word_1_387' title='bbox 295 4489 342 4530; x_wconf 91' lang='lat' dir='ltr'><strong>nes</strong></span> <span class='ocrx_word' id='word_1_388' title='bbox 355 4473 459 4528; x_wconf 79' lang='lat' dir='ltr'><strong>uiarum</strong></span> <span class='ocrx_word' id='word_1_389' title='bbox 473 4471 632 4528; x_wconf 87' lang='lat' dir='ltr'><strong>ierrstmum</strong></span> <span class='ocrx_word' id='word_1_390' title='bbox 646 4479 672 4528; x_wconf 91' lang='lat' dir='ltr'><strong>et</strong></span> <span class='ocrx_word' id='word_1_391' title='bbox 693 4473 758 4529; x_wconf 90' lang='lat' dir='ltr'><strong>alias</strong></span> <span class='ocrx_word' id='word_1_392' title='bbox 781 4473 946 4549; x_wconf 74' lang='lat' dir='ltr'><strong>huiusmodi.</strong></span> <span class='ocrx_word' id='word_1_393' title='bbox 971 4481 1054 4537; x_wconf 87' lang='lat' dir='ltr'><strong>dum·</strong></span> 
     </span>
     <span class='ocr_line' id='line_1_49' title="bbox 295 4555 1055 4629; baseline 0.013 -16"><span class='ocrx_word' id='word_1_394' title='bbox 295 4555 374 4613; x_wconf 89' lang='lat' dir='ltr'><strong>modo</strong></span> <span class='ocrx_word' id='word_1_395' title='bbox 388 4555 478 4612; x_wconf 88' lang='lat' dir='ltr'><strong>clerici</strong></span> <span class='ocrx_word' id='word_1_396' title='bbox 500 4555 535 4611; x_wconf 90' lang='lat' dir='ltr'><strong>de</strong></span> <span class='ocrx_word' id='word_1_397' title='bbox 554 4555 651 4628; x_wconf 92' lang='lat' dir='ltr'><strong>quibus</strong></span> <span class='ocrx_word' id='word_1_398' title='bbox 664 4557 753 4629; x_wconf 77' lang='lat' dir='ltr'><strong>agitur</strong></span> <span class='ocrx_word' id='word_1_399' title='bbox 767 4575 820 4616; x_wconf 91' lang='lat' dir='ltr'><strong>nou</strong></span> <span class='ocrx_word' id='word_1_400' title='bbox 834 4563 1001 4621; x_wconf 90' lang='lat' dir='ltr'><strong>subscribant</strong></span> <span class='ocrx_word' id='word_1_401' title='bbox 1012 4567 1055 4624; x_wconf 84' lang='lat' dir='ltr'><strong>rel</strong></span> 
     </span>
     <span class='ocr_line' id='line_1_50' title="bbox 295 4637 1055 4718; baseline 0.013 -22"><span class='ocrx_word' id='word_1_402' title='bbox 295 4644 387 4696; x_wconf 88' lang='lat' dir='ltr'><strong>emant</strong></span> <span class='ocrx_word' id='word_1_403' title='bbox 399 4637 538 4712; x_wconf 71' lang='lat' dir='ltr'><strong>predictas</strong></span> <span class='ocrx_word' id='word_1_404' title='bbox 551 4641 668 4697; x_wconf 86' lang='lat' dir='ltr'><strong>actiones</strong></span> <span class='ocrx_word' id='word_1_405' title='bbox 682 4642 771 4698; x_wconf 90' lang='lat' dir='ltr'><strong>animo</strong></span> <span class='ocrx_word' id='word_1_406' title='bbox 786 4643 846 4701; x_wconf 87' lang='lat' dir='ltr'><strong>illes</strong></span> <span class='ocrx_word' id='word_1_407' title='bbox 855 4647 1001 4718; x_wconf 83' lang='lat' dir='ltr'><strong>vendendi,</strong></span> <span class='ocrx_word' id='word_1_408' title='bbox 1010 4651 1055 4706; x_wconf 90' lang='lat' dir='ltr'><strong>ubi</strong></span> 
     </span>
    </p>
   </div>
   <div class='ocr_carea' id='block_1_8' title="bbox 1092 1248 1858 1502">
    <p class='ocr_par' dir='ltr' id='par_1_11' title="bbox 1092 1248 1858 1502">
     <span class='ocr_line' id='line_1_51' title="bbox 1092 1248 1856 1329; baseline -0.012 -10"><span class='ocrx_word' id='word_1_409' title='bbox 1092 1263 1130 1318; x_wconf 91' lang='lat' dir='ltr'><strong>tio</strong></span> <span class='ocrx_word' id='word_1_410' title='bbox 1144 1266 1185 1319; x_wconf 91' lang='lat' dir='ltr'><strong>est</strong></span> <span class='ocrx_word' id='word_1_411' title='bbox 1198 1248 1310 1316; x_wconf 72' lang='lat' dir='ltr'><strong>diuersa.</strong></span> <span class='ocrx_word' id='word_1_412' title='bbox 1327 1261 1388 1316; x_wconf 77' lang='lat' dir='ltr'><strong>lieo</strong></span> <span class='ocrx_word' id='word_1_413' title='bbox 1402 1262 1442 1314; x_wconf 89' lang='lat' dir='ltr'><strong>est</strong></span> <span class='ocrx_word' id='word_1_414' title='bbox 1454 1274 1559 1314; x_wconf 87' lang='lat' dir='ltr'><strong>summe</strong></span> <span class='ocrx_word' id='word_1_415' title='bbox 1572 1258 1718 1319; x_wconf 87' lang='lat' dir='ltr'><strong>rationum.</strong></span> <span class='ocrx_word' id='word_1_416' title='bbox 1735 1273 1799 1329; x_wconf 85' lang='lat' dir='ltr'><strong>quas</strong></span> <span class='ocrx_word' id='word_1_417' title='bbox 1811 1273 1856 1326; x_wconf 93' lang='lat' dir='ltr'><strong>op-</strong></span> 
     </span>
     <span class='ocr_line' id='line_1_52' title="bbox 1093 1341 1858 1418; baseline -0.008 -16"><span class='ocrx_word' id='word_1_418' title='bbox 1093 1347 1170 1418; x_wconf 88' lang='lat' dir='ltr'><strong>ponit</strong></span> <span class='ocrx_word' id='word_1_419' title='bbox 1190 1351 1218 1402; x_wconf 90' lang='lat' dir='ltr'><strong>et</strong></span> <span class='ocrx_word' id='word_1_420' title='bbox 1234 1343 1337 1418; x_wconf 83' lang='lat' dir='ltr'><strong>judicio</strong></span> <span class='ocrx_word' id='word_1_421' title='bbox 1365 1343 1466 1402; x_wconf 78' lang='lat' dir='ltr'><strong>Sancte</strong></span> <span class='ocrx_word' id='word_1_422' title='bbox 1490 1343 1566 1400; x_wconf 86' lang='lat' dir='ltr'><strong>Sedis</strong></span> <span class='ocrx_word' id='word_1_423' title='bbox 1588 1341 1730 1398; x_wconf 86' lang='lat' dir='ltr'><strong>humiliter</strong></span> <span class='ocrx_word' id='word_1_424' title='bbox 1751 1341 1858 1416; x_wconf 61' lang='lat' dir='ltr'><strong>subjicit</strong></span> 
     </span>
     <span class='ocr_line' id='line_1_53' title="bbox 1093 1429 1425 1502; baseline -0.006 -16"><span class='ocrx_word' id='word_1_425' title='bbox 1093 1429 1425 1502; x_wconf 78' lang='lat' dir='ltr'><strong>prelaudetuscanonista.</strong></span> 
     </span>
    </p>
   </div>
   <div class='ocr_carea' id='block_1_9' title="bbox 1188 1595 1774 1822">
    <p class='ocr_par' dir='ltr' id='par_1_12' title="bbox 1188 1595 1774 1822">
     <span class='ocr_line' id='line_1_54' title="bbox 1312 1595 1638 1656; baseline -0.018 0"><span class='ocrx_word' id='word_1_426' title='bbox 1312 1596 1505 1656; x_wconf 79' lang='lat' dir='ltr'><strong>annonario</strong></span> <span class='ocrx_word' id='word_1_427' title='bbox 1518 1595 1638 1654; x_wconf 81' lang='lat' dir='ltr'><strong>mnus.</strong></span> 
     </span>
     <span class='ocr_line' id='line_1_55' title="bbox 1188 1743 1774 1822; baseline -0.01 -15"><span class='ocrx_word' id='word_1_428' title='bbox 1188 1749 1247 1807; x_wconf 84' lang='grc' dir='ltr'><strong>ιιι.</strong></span> <span class='ocrx_word' id='word_1_429' title='bbox 1261 1747 1377 1807; x_wconf 80' lang='lat' dir='ltr'><strong>nnus.</strong></span> <span class='ocrx_word' id='word_1_430' title='bbox 1390 1748 1445 1822; x_wconf 72' lang='grc' dir='ltr'><strong>ιι</strong></span> <span class='ocrx_word' id='word_1_431' title='bbox 1464 1747 1494 1815; x_wconf 83' lang='grc' dir='ltr'><strong>ι,</strong></span> <span class='ocrx_word' id='word_1_432' title='bbox 1509 1764 1538 1805; x_wconf 73' lang='lat' dir='ltr'><strong>a.</strong></span> <span class='ocrx_word' id='word_1_433' title='bbox 1558 1745 1619 1814; x_wconf 86' lang='grc' dir='ltr'><strong>ιιι,</strong></span> <span class='ocrx_word' id='word_1_434' title='bbox 1631 1743 1774 1820; x_wconf 61' lang='lat' dir='ltr'><strong>panes.</strong></span> 
     </span>
    </p>
   </div>
   <div class='ocr_carea' id='block_1_10' title="bbox 1096 1899 1860 2030">
    <p class='ocr_par' dir='ltr' id='par_1_13' title="bbox 1096 1899 1860 2030">
     <span class='ocr_line' id='line_1_56' title="bbox 1096 1899 1860 1948; baseline -0.008 0"><span class='ocrx_word' id='word_1_435' title='bbox 1096 1909 1130 1948; x_wconf 72' lang='lat' dir='ltr'><strong>DE</strong></span> <span class='ocrx_word' id='word_1_436' title='bbox 1149 1907 1259 1948; x_wconf 69' lang='lat' dir='ltr'><strong>Officii!</strong></span> <span class='ocrx_word' id='word_1_437' title='bbox 1282 1906 1315 1946; x_wconf 67' lang='grc' dir='ltr'>Π</span> <span class='ocrx_word' id='word_1_438' title='bbox 1335 1905 1413 1947; x_wconf 77' lang='lat' dir='ltr'><strong>bunne</strong></span> <span class='ocrx_word' id='word_1_439' title='bbox 1436 1903 1566 1945; x_wconf 68' lang='lat' dir='ltr'><strong>miiffl&#39;ll</strong></span> <span class='ocrx_word' id='word_1_440' title='bbox 1588 1903 1761 1944; x_wconf 71' lang='lat' dir='ltr'><strong>emicone!</strong></span> <span class='ocrx_word' id='word_1_441' title='bbox 1784 1899 1860 1943; x_wconf 77' lang='lat' dir='ltr'><strong>mo-</strong></span> 
     </span>
     <span class='ocr_line' id='line_1_57' title="bbox 1430 1990 1530 2030; baseline 0 0"><span class='ocrx_word' id='word_1_442' title='bbox 1430 1990 1530 2030; x_wconf 75' lang='lat' dir='ltr'><strong>neem.</strong></span> 
     </span>
    </p>
   </div>
   <div class='ocr_carea' id='block_1_11' title="bbox 1098 2109 1876 4553">
    <p class='ocr_par' dir='ltr' id='par_1_14' title="bbox 1098 2109 1868 3024">
     <span class='ocr_line' id='line_1_58' title="bbox 1133 2109 1861 2183; baseline -0.008 -11"><span class='ocrx_word' id='word_1_443' title='bbox 1133 2111 1258 2172; x_wconf 78' lang='lat' dir='ltr'><strong>Clemens</strong></span> <span class='ocrx_word' id='word_1_444' title='bbox 1275 2113 1343 2182; x_wconf 85' lang='lat' dir='ltr'><strong>Xlll,</strong></span> <span class='ocrx_word' id='word_1_445' title='bbox 1364 2111 1461 2170; x_wconf 89' lang='lat' dir='ltr'><strong>litteris</strong></span> <span class='ocrx_word' id='word_1_446' title='bbox 1486 2110 1629 2183; x_wconf 72' lang='lat' dir='ltr'><strong>encyclicis</strong></span> <span class='ocrx_word' id='word_1_447' title='bbox 1653 2109 1720 2168; x_wconf 78' lang='lat' dir='ltr'><strong>Garri</strong></span> <span class='ocrx_word' id='word_1_448' title='bbox 1741 2111 1861 2183; x_wconf 71' lang='lat' dir='ltr'><strong>prienen,</strong></span> 
     </span>
     <span class='ocr_line' id='line_1_59' title="bbox 1098 2195 1864 2270; baseline -0.013 -12"><span class='ocrx_word' id='word_1_449' title='bbox 1098 2201 1149 2258; x_wconf 89' lang='lat' dir='ltr'><strong>snb</strong></span> <span class='ocrx_word' id='word_1_450' title='bbox 1164 2200 1208 2256; x_wconf 87' lang='lat' dir='ltr'><strong>die</strong></span> <span class='ocrx_word' id='word_1_451' title='bbox 1223 2203 1256 2258; x_wconf 90' lang='grc'><strong>17</strong></span> <span class='ocrx_word' id='word_1_452' title='bbox 1270 2203 1338 2270; x_wconf 90' lang='lat' dir='ltr'><strong>sept.</strong></span> <span class='ocrx_word' id='word_1_453' title='bbox 1355 2200 1436 2264; x_wconf 80' lang='grc'><strong>1759,</strong></span> <span class='ocrx_word' id='word_1_454' title='bbox 1450 2197 1576 2255; x_wconf 86' lang='lat' dir='ltr'><strong>omnibus</strong></span> <span class='ocrx_word' id='word_1_455' title='bbox 1595 2195 1741 2252; x_wconf 78' lang='lat' dir='ltr'><strong>ordinariis</strong></span> <span class='ocrx_word' id='word_1_456' title='bbox 1760 2195 1864 2250; x_wconf 90' lang='lat' dir='ltr'><strong>mandat</strong></span> 
     </span>
     <span class='ocr_line' id='line_1_60' title="bbox 1098 2279 1865 2360; baseline -0.01 -19"><span class='ocrx_word' id='word_1_457' title='bbox 1098 2283 1280 2360; x_wconf 78' lang='lat' dir='ltr'><strong>repatiantur</strong></span> <span class='ocrx_word' id='word_1_458' title='bbox 1294 2287 1349 2338; x_wconf 89' lang='lat' dir='ltr'><strong>tem</strong></span> <span class='ocrx_word' id='word_1_459' title='bbox 1363 2281 1475 2338; x_wconf 89' lang='lat' dir='ltr'><strong>clericos</strong></span> <span class='ocrx_word' id='word_1_460' title='bbox 1489 2299 1571 2352; x_wconf 89' lang='lat' dir='ltr'><strong>quam</strong></span> <span class='ocrx_word' id='word_1_461' title='bbox 1586 2279 1751 2348; x_wconf 86' lang='lat' dir='ltr'><strong>secerdotes,</strong></span> <span class='ocrx_word' id='word_1_462' title='bbox 1769 2282 1796 2334; x_wconf 92' lang='lat' dir='ltr'><strong>iu</strong></span> <span class='ocrx_word' id='word_1_463' title='bbox 1818 2281 1865 2334; x_wconf 86' lang='lat' dir='ltr'><strong>lei-</strong></span> 
     </span>
     <span class='ocr_line' id='line_1_61' title="bbox 1098 2364 1862 2438; baseline -0.009 -12"><span class='ocrx_word' id='word_1_464' title='bbox 1098 2385 1192 2426; x_wconf 89' lang='lat' dir='ltr'><strong>corum</strong></span> <span class='ocrx_word' id='word_1_465' title='bbox 1205 2368 1330 2425; x_wconf 87' lang='lat' dir='ltr'><strong>domibus</strong></span> <span class='ocrx_word' id='word_1_466' title='bbox 1344 2367 1490 2438; x_wconf 88' lang='lat' dir='ltr'><strong>obsequiis,</strong></span> <span class='ocrx_word' id='word_1_467' title='bbox 1509 2367 1672 2436; x_wconf 75' lang='lat' dir='ltr'><strong>abiectisque</strong></span> <span class='ocrx_word' id='word_1_468' title='bbox 1686 2367 1806 2420; x_wconf 84' lang='lat' dir='ltr'><strong>servitiis</strong></span> <span class='ocrx_word' id='word_1_469' title='bbox 1818 2364 1862 2419; x_wconf 89' lang='lat' dir='ltr'><strong>ad·</strong></span> 
     </span>
     <span class='ocr_line' id='line_1_62' title="bbox 1098 2451 1864 2522; baseline -0.01 -10"><span class='ocrx_word' id='word_1_470' title='bbox 1098 2457 1193 2514; x_wconf 85' lang='lat' dir='ltr'><strong>dictos.</strong></span> <span class='ocrx_word' id='word_1_471' title='bbox 1207 2455 1272 2510; x_wconf 90' lang='lat' dir='ltr'><strong>licet</strong></span> <span class='ocrx_word' id='word_1_472' title='bbox 1285 2453 1335 2510; x_wconf 90' lang='lat' dir='ltr'><strong>sub</strong></span> <span class='ocrx_word' id='word_1_473' title='bbox 1350 2453 1444 2522; x_wconf 80' lang='lat' dir='ltr'><strong>quouis</strong></span> <span class='ocrx_word' id='word_1_474' title='bbox 1457 2451 1605 2508; x_wconf 89' lang='lat' dir='ltr'><strong>honestiori</strong></span> <span class='ocrx_word' id='word_1_475' title='bbox 1614 2451 1691 2506; x_wconf 87' lang='lat' dir='ltr'><strong>titulo</strong></span> <span class='ocrx_word' id='word_1_476' title='bbox 1706 2454 1864 2518; x_wconf 70' lang='lat' dir='ltr'><strong>susceptam</strong></span> 
     </span>
     <span class='ocr_line' id='line_1_63' title="bbox 1099 2533 1865 2612; baseline -0.014 -15"><span class='ocrx_word' id='word_1_477' title='bbox 1099 2541 1201 2598; x_wconf 81' lang='lat' dir='ltr'><strong>servitii</strong></span> <span class='ocrx_word' id='word_1_478' title='bbox 1229 2555 1312 2612; x_wconf 85' lang='lat' dir='ltr'><strong>genus</strong></span> <span class='ocrx_word' id='word_1_479' title='bbox 1340 2539 1469 2608; x_wconf 80' lang='lat' dir='ltr'><strong>obtegere</strong></span> <span class='ocrx_word' id='word_1_480' title='bbox 1498 2536 1626 2602; x_wconf 77' lang='lat' dir='ltr'><strong>nitamur,</strong></span> <span class='ocrx_word' id='word_1_481' title='bbox 1651 2535 1760 2605; x_wconf 86' lang='lat' dir='ltr'><strong>quietos</strong></span> <span class='ocrx_word' id='word_1_482' title='bbox 1779 2533 1806 2590; x_wconf 92' lang='lat' dir='ltr'><strong>in</strong></span> <span class='ocrx_word' id='word_1_483' title='bbox 1820 2551 1865 2590; x_wconf 90' lang='lat' dir='ltr'><strong>suo</strong></span> 
     </span>
     <span class='ocr_line' id='line_1_64' title="bbox 1099 2621 1866 2690; baseline -0.012 -9"><span class='ocrx_word' id='word_1_484' title='bbox 1099 2624 1230 2681; x_wconf 87' lang='lat' dir='ltr'><strong>dedecore</strong></span> <span class='ocrx_word' id='word_1_485' title='bbox 1251 2622 1445 2690; x_wconf 86' lang='lat' dir='ltr'><strong>insordcacere,</strong></span> <span class='ocrx_word' id='word_1_486' title='bbox 1459 2621 1505 2677; x_wconf 91' lang='lat' dir='ltr'><strong>sad</strong></span> <span class='ocrx_word' id='word_1_487' title='bbox 1530 2623 1634 2688; x_wconf 89' lang='lat' dir='ltr'><strong>curent,</strong></span> <span class='ocrx_word' id='word_1_488' title='bbox 1655 2622 1791 2688; x_wconf 87' lang='lat' dir='ltr'><strong>qnatenus</strong></span> <span class='ocrx_word' id='word_1_489' title='bbox 1805 2634 1866 2688; x_wconf 85' lang='lat' dir='ltr'><strong>opus</strong></span> 
     </span>
     <span class='ocr_line' id='line_1_65' title="bbox 1100 2702 1867 2778; baseline -0.009 -14"><span class='ocrx_word' id='word_1_490' title='bbox 1100 2709 1144 2778; x_wconf 87' lang='lat' dir='ltr'><strong>sit,</strong></span> <span class='ocrx_word' id='word_1_491' title='bbox 1159 2712 1215 2764; x_wconf 92' lang='lat' dir='ltr'><strong>toto</strong></span> <span class='ocrx_word' id='word_1_492' title='bbox 1227 2705 1370 2764; x_wconf 77' lang='lat' dir='ltr'><strong>ordinarie</strong></span> <span class='ocrx_word' id='word_1_493' title='bbox 1383 2724 1413 2762; x_wconf 90' lang='lat' dir='ltr'><strong>ac</strong></span> <span class='ocrx_word' id='word_1_494' title='bbox 1428 2705 1556 2777; x_wconf 74' lang='lat' dir='ltr'><strong>delegatae</strong></span> <span class='ocrx_word' id='word_1_495' title='bbox 1568 2702 1768 2777; x_wconf 84' lang='lat' dir='ltr'><strong>jurisdictionis</strong></span> <span class='ocrx_word' id='word_1_496' title='bbox 1782 2707 1867 2758; x_wconf 92' lang='lat' dir='ltr'><strong>aucto·</strong></span> 
     </span>
     <span class='ocr_line' id='line_1_66' title="bbox 1100 2787 1867 2862; baseline -0.009 -12"><span class='ocrx_word' id='word_1_497' title='bbox 1100 2794 1188 2862; x_wconf 88' lang='lat' dir='ltr'><strong>ritate,</strong></span> <span class='ocrx_word' id='word_1_498' title='bbox 1203 2794 1312 2850; x_wconf 83' lang='lat' dir='ltr'><strong>serratis</strong></span> <span class='ocrx_word' id='word_1_499' title='bbox 1326 2791 1471 2861; x_wconf 82' lang='lat' dir='ltr'><strong>servandis,</strong></span> <span class='ocrx_word' id='word_1_500' title='bbox 1495 2790 1607 2846; x_wconf 89' lang='lat' dir='ltr'><strong>eosdem</strong></span> <span class='ocrx_word' id='word_1_501' title='bbox 1627 2787 1662 2844; x_wconf 88' lang='lat' dir='ltr'><strong>ad</strong></span> <span class='ocrx_word' id='word_1_502' title='bbox 1682 2788 1867 2844; x_wconf 78' lang='lat' dir='ltr'><strong>ecclesiastice</strong></span> 
     </span>
     <span class='ocr_line' id='line_1_67' title="bbox 1100 2877 1868 2950; baseline -0.007 -15"><span class='ocrx_word' id='word_1_503' title='bbox 1100 2881 1158 2937; x_wconf 81' lang='lat' dir='ltr'><strong>rite</strong></span> <span class='ocrx_word' id='word_1_504' title='bbox 1175 2881 1303 2950; x_wconf 88' lang='lat' dir='ltr'><strong>instituta,</strong></span> <span class='ocrx_word' id='word_1_505' title='bbox 1317 2885 1345 2936; x_wconf 90' lang='lat' dir='ltr'><strong>at</strong></span> <span class='ocrx_word' id='word_1_506' title='bbox 1357 2878 1391 2936; x_wconf 90' lang='lat' dir='ltr'><strong>ed</strong></span> <span class='ocrx_word' id='word_1_507' title='bbox 1406 2877 1537 2936; x_wconf 64' lang='lat' dir='ltr'><strong>clericalis</strong></span> <span class='ocrx_word' id='word_1_508' title='bbox 1546 2877 1649 2933; x_wconf 83' lang='lat' dir='ltr'><strong>militias</strong></span> <span class='ocrx_word' id='word_1_509' title='bbox 1659 2891 1779 2930; x_wconf 91' lang='lat' dir='ltr'><strong>munera</strong></span> <span class='ocrx_word' id='word_1_510' title='bbox 1792 2891 1868 2930; x_wconf 77' lang='lat' dir='ltr'><strong>reco-</strong></span> 
     </span>
     <span class='ocr_line' id='line_1_68' title="bbox 1101 2981 1171 3024; baseline -0.071 0"><span class='ocrx_word' id='word_1_511' title='bbox 1101 2981 1171 3024; x_wconf 87' lang='lat' dir='ltr'><strong>care.</strong></span> 
     </span>
    </p>

    <p class='ocr_par' dir='ltr' id='par_1_15' title="bbox 1103 3041 1876 4553">
     <span class='ocr_line' id='line_1_69' title="bbox 1137 3041 1870 3118; baseline -0.018 -10"><span class='ocrx_word' id='word_1_512' title='bbox 1137 3049 1233 3108; x_wconf 84' lang='lat' dir='ltr'><strong>Clerici</strong></span> <span class='ocrx_word' id='word_1_513' title='bbox 1247 3065 1296 3106; x_wconf 90' lang='lat' dir='ltr'><strong>nec</strong></span> <span class='ocrx_word' id='word_1_514' title='bbox 1305 3050 1396 3106; x_wconf 91' lang='lat' dir='ltr'><strong>mimis</strong></span> <span class='ocrx_word' id='word_1_515' title='bbox 1404 3045 1685 3118; x_wconf 83' lang='lat' dir='ltr'><strong>necjoculetoribuset</strong></span> <span class='ocrx_word' id='word_1_516' title='bbox 1693 3041 1870 3097; x_wconf 78' lang='lat' dir='ltr'><strong>histrionibus</strong></span> 
     </span>
     <span class='ocr_line' id='line_1_70' title="bbox 1103 3127 1870 3202; baseline -0.013 -12"><span class='ocrx_word' id='word_1_517' title='bbox 1103 3134 1242 3192; x_wconf 87' lang='lat' dir='ltr'><strong>intendere</strong></span> <span class='ocrx_word' id='word_1_518' title='bbox 1249 3133 1393 3202; x_wconf 86' lang='lat' dir='ltr'><strong>debent,ut</strong></span> <span class='ocrx_word' id='word_1_519' title='bbox 1402 3133 1431 3188; x_wconf 90' lang='lat' dir='ltr'><strong>in</strong></span> <span class='ocrx_word' id='word_1_520' title='bbox 1440 3131 1568 3190; x_wconf 87' lang='lat' dir='ltr'><strong>decretali</strong></span> <span class='ocrx_word' id='word_1_521' title='bbox 1579 3128 1672 3188; x_wconf 79' lang='lat' dir='ltr'><strong>Clerici</strong></span> <span class='ocrx_word' id='word_1_522' title='bbox 1681 3127 1775 3198; x_wconf 69' lang='lat' dir='ltr'><strong>officis</strong></span> <span class='ocrx_word' id='word_1_523' title='bbox 1784 3127 1870 3182; x_wconf 82' lang='lat' dir='ltr'><strong>serbis</strong></span> 
     </span>
     <span class='ocr_line' id='line_1_71' title="bbox 1103 3211 1870 3292; baseline -0.01 -17"><span class='ocrx_word' id='word_1_524' title='bbox 1103 3219 1278 3292; x_wconf 89' lang='lat' dir='ltr'><strong>apertissimis</strong></span> <span class='ocrx_word' id='word_1_525' title='bbox 1291 3222 1410 3285; x_wconf 77' lang='lat' dir='ltr'><strong>uisatur,</strong></span> <span class='ocrx_word' id='word_1_526' title='bbox 1422 3217 1474 3274; x_wconf 93' lang='lat' dir='ltr'><strong>hoc</strong></span> <span class='ocrx_word' id='word_1_527' title='bbox 1488 3211 1634 3271; x_wconf 84' lang='lat' dir='ltr'><strong>titulo.Cui</strong></span> <span class='ocrx_word' id='word_1_528' title='bbox 1642 3212 1870 3284; x_wconf 78' lang='lat' dir='ltr'><strong>suibageturBe·</strong></span> 
     </span>
     <span class='ocr_line' id='line_1_72' title="bbox 1103 3293 1871 3374; baseline -0.016 -14"><span class='ocrx_word' id='word_1_529' title='bbox 1103 3303 1225 3360; x_wconf 87' lang='lat' dir='ltr'><strong>nedictus</strong></span> <span class='ocrx_word' id='word_1_530' title='bbox 1233 3303 1298 3371; x_wconf 89' lang='lat' dir='ltr'><strong>lliV,</strong></span> <span class='ocrx_word' id='word_1_531' title='bbox 1307 3301 1343 3359; x_wconf 82' lang='lat' dir='ltr'><strong>De</strong></span> <span class='ocrx_word' id='word_1_532' title='bbox 1353 3319 1413 3374; x_wconf 73' lang='lat' dir='ltr'><strong>spa.</strong></span> <span class='ocrx_word' id='word_1_533' title='bbox 1424 3301 1500 3358; x_wconf 75' lang='lat' dir='ltr'><strong>diseo.</strong></span> <span class='ocrx_word' id='word_1_534' title='bbox 1511 3298 1560 3354; x_wconf 82' lang='lat' dir='ltr'><strong>lb.</strong></span> <span class='ocrx_word' id='word_1_535' title='bbox 1571 3299 1615 3366; x_wconf 87' lang='lat' dir='ltr'><strong>lil,</strong></span> <span class='ocrx_word' id='word_1_536' title='bbox 1624 3313 1682 3370; x_wconf 86' lang='lat' dir='ltr'><strong>cap.</strong></span> <span class='ocrx_word' id='word_1_537' title='bbox 1693 3313 1723 3364; x_wconf 84' lang='lat' dir='ltr'><strong>x,</strong></span> <span class='ocrx_word' id='word_1_538' title='bbox 1731 3313 1760 3350; x_wconf 95' lang='grc' dir='ltr'><strong>ι.</strong></span> <span class='ocrx_word' id='word_1_539' title='bbox 1772 3293 1871 3362; x_wconf 84' lang='grc' dir='ltr'><strong>11,ι1ιί</strong></span> 
     </span>
     <span class='ocr_line' id='line_1_73' title="bbox 1105 3381 1870 3452; baseline -0.01 -8"><span class='ocrx_word' id='word_1_540' title='bbox 1105 3389 1226 3444; x_wconf 87' lang='lat' dir='ltr'><strong>absolute</strong></span> <span class='ocrx_word' id='word_1_541' title='bbox 1240 3388 1335 3443; x_wconf 88' lang='lat' dir='ltr'><strong>asserit</strong></span> <span class='ocrx_word' id='word_1_542' title='bbox 1348 3392 1450 3444; x_wconf 90' lang='lat' dir='ltr'><strong>temera</strong></span> <span class='ocrx_word' id='word_1_543' title='bbox 1464 3385 1542 3440; x_wconf 89' lang='lat' dir='ltr'><strong>nimii</strong></span> <span class='ocrx_word' id='word_1_544' title='bbox 1557 3381 1653 3452; x_wconf 75' lang='lat' dir='ltr'><strong>rigoris</strong></span> <span class='ocrx_word' id='word_1_545' title='bbox 1667 3399 1814 3439; x_wconf 86' lang='lat' dir='ltr'><strong>censuram</strong></span> <span class='ocrx_word' id='word_1_546' title='bbox 1827 3397 1870 3451; x_wconf 78' lang='lat' dir='ltr'><strong>ap</strong></span> 
     </span>
     <span class='ocr_line' id='line_1_74' title="bbox 1104 3465 1870 3546; baseline -0.014 -16"><span class='ocrx_word' id='word_1_547' title='bbox 1104 3473 1179 3546; x_wconf 78' lang='lat' dir='ltr'><strong>pingi</strong></span> <span class='ocrx_word' id='word_1_548' title='bbox 1193 3471 1313 3544; x_wconf 74' lang='lat' dir='ltr'><strong>synodali</strong></span> <span class='ocrx_word' id='word_1_549' title='bbox 1328 3477 1438 3539; x_wconf 90' lang='lat' dir='ltr'><strong>statuto,</strong></span> <span class='ocrx_word' id='word_1_550' title='bbox 1459 3487 1513 3544; x_wconf 92' lang='lat' dir='ltr'><strong>quo</strong></span> <span class='ocrx_word' id='word_1_551' title='bbox 1537 3467 1713 3524; x_wconf 88' lang='lat' dir='ltr'><strong>ecclesiastici</strong></span> <span class='ocrx_word' id='word_1_552' title='bbox 1729 3484 1746 3522; x_wconf 89' lang='lat' dir='ltr'><strong>n</strong></span> <span class='ocrx_word' id='word_1_553' title='bbox 1759 3465 1870 3532; x_wconf 79' lang='lat' dir='ltr'><strong>choreis,</strong></span> 
     </span>
     <span class='ocr_line' id='line_1_75' title="bbox 1106 3543 1873 3627; baseline -0.016 -13"><span class='ocrx_word' id='word_1_554' title='bbox 1106 3557 1244 3614; x_wconf 82' lang='lat' dir='ltr'><strong>comoediis</strong></span> <span class='ocrx_word' id='word_1_555' title='bbox 1267 3559 1381 3627; x_wconf 88' lang='lat' dir='ltr'><strong>aliisque</strong></span> <span class='ocrx_word' id='word_1_556' title='bbox 1402 3553 1561 3627; x_wconf 89' lang='lat' dir='ltr'><strong>spectaculis</strong></span> <span class='ocrx_word' id='word_1_557' title='bbox 1574 3553 1654 3624; x_wconf 78' lang='lat' dir='ltr'><strong>longe</strong></span> <span class='ocrx_word' id='word_1_558' title='bbox 1668 3543 1873 3620; x_wconf 81' lang='lat' dir='ltr'><strong>abe&#39;ssejuben-</strong></span> 
     </span>
     <span class='ocr_line' id='line_1_76' title="bbox 1106 3633 1872 3710; baseline -0.014 -12"><span class='ocrx_word' id='word_1_559' title='bbox 1106 3647 1160 3698; x_wconf 87' lang='lat' dir='ltr'><strong>tur.</strong></span> <span class='ocrx_word' id='word_1_560' title='bbox 1170 3643 1195 3698; x_wconf 74' lang='grc' dir='ltr'><strong>Δ</strong></span> <span class='ocrx_word' id='word_1_561' title='bbox 1206 3641 1311 3697; x_wconf 83' lang='lat' dir='ltr'><strong>fortiori</strong></span> <span class='ocrx_word' id='word_1_562' title='bbox 1326 3641 1400 3698; x_wconf 91' lang='lat' dir='ltr'><strong>nullo</strong></span> <span class='ocrx_word' id='word_1_563' title='bbox 1413 3639 1492 3696; x_wconf 91' lang='lat' dir='ltr'><strong>modo</strong></span> <span class='ocrx_word' id='word_1_564' title='bbox 1507 3643 1620 3710; x_wconf 85' lang='lat' dir='ltr'><strong>possunt</strong></span> <span class='ocrx_word' id='word_1_565' title='bbox 1633 3636 1661 3690; x_wconf 90' lang='lat' dir='ltr'><strong>iu</strong></span> <span class='ocrx_word' id='word_1_566' title='bbox 1674 3633 1818 3691; x_wconf 76' lang='lat' dir='ltr'><strong>comoediis</strong></span> <span class='ocrx_word' id='word_1_567' title='bbox 1830 3651 1872 3688; x_wconf 90' lang='lat' dir='ltr'><strong>re·</strong></span> 
     </span>
     <span class='ocr_line' id='line_1_77' title="bbox 1106 3717 1873 3796; baseline -0.02 -12"><span class='ocrx_word' id='word_1_568' title='bbox 1106 3727 1187 3784; x_wconf 86' lang='lat' dir='ltr'><strong>citare</strong></span> <span class='ocrx_word' id='word_1_569' title='bbox 1202 3725 1329 3796; x_wconf 81' lang='lat' dir='ltr'><strong>protessis,</strong></span> <span class='ocrx_word' id='word_1_570' title='bbox 1343 3732 1369 3781; x_wconf 89' lang='lat' dir='ltr'><strong>et</strong></span> <span class='ocrx_word' id='word_1_571' title='bbox 1382 3730 1476 3782; x_wconf 83' lang='lat' dir='ltr'><strong>contre</strong></span> <span class='ocrx_word' id='word_1_572' title='bbox 1488 3725 1631 3778; x_wconf 88' lang='lat' dir='ltr'><strong>recitantes</strong></span> <span class='ocrx_word' id='word_1_573' title='bbox 1650 3720 1746 3776; x_wconf 74' lang='lat' dir='ltr'><strong>ament</strong></span> <span class='ocrx_word' id='word_1_574' title='bbox 1759 3717 1873 3791; x_wconf 88' lang='lat' dir='ltr'><strong>episcopi</strong></span> 
     </span>
     <span class='ocr_line' id='line_1_78' title="bbox 1107 3803 1874 3882; baseline -0.014 -16"><span class='ocrx_word' id='word_1_575' title='bbox 1107 3815 1224 3868; x_wconf 86' lang='lat' dir='ltr'><strong>statuere</strong></span> <span class='ocrx_word' id='word_1_576' title='bbox 1242 3828 1349 3882; x_wconf 84' lang='lat' dir='ltr'><strong>poenam</strong></span> <span class='ocrx_word' id='word_1_577' title='bbox 1364 3805 1649 3868; x_wconf 79' lang='lat' dir='ltr'><strong>excommunicetionis</strong></span> <span class='ocrx_word' id='word_1_578' title='bbox 1665 3803 1790 3860; x_wconf 84' lang='lat' dir='ltr'><strong>terendae</strong></span> <span class='ocrx_word' id='word_1_579' title='bbox 1813 3819 1874 3858; x_wconf 89' lang='lat' dir='ltr'><strong>san-</strong></span> 
     </span>
     <span class='ocr_line' id='line_1_79' title="bbox 1106 3885 1872 3967; baseline -0.014 -17"><span class='ocrx_word' id='word_1_580' title='bbox 1106 3896 1206 3962; x_wconf 78' lang='lat' dir='ltr'><strong>tentie,</strong></span> <span class='ocrx_word' id='word_1_581' title='bbox 1222 3899 1261 3951; x_wconf 90' lang='lat' dir='ltr'><strong>uti</strong></span> <span class='ocrx_word' id='word_1_582' title='bbox 1276 3895 1419 3954; x_wconf 74' lang='lat' dir='ltr'><strong>deelaraut</strong></span> <span class='ocrx_word' id='word_1_583' title='bbox 1433 3895 1460 3952; x_wconf 88' lang='lat' dir='ltr'><strong>S.</strong></span> <span class='ocrx_word' id='word_1_584' title='bbox 1477 3889 1700 3967; x_wconf 63' lang='lat' dir='ltr'><strong>Congressionis</strong></span> <span class='ocrx_word' id='word_1_585' title='bbox 1715 3889 1745 3944; x_wconf 92' lang='lat' dir='ltr'><strong>in</strong></span> <span class='ocrx_word' id='word_1_586' title='bbox 1758 3885 1872 3944; x_wconf 70' lang='lat' dir='ltr'><strong>Setaea.</strong></span> 
     </span>
     <span class='ocr_line' id='line_1_80' title="bbox 1106 3971 1874 4054; baseline -0.016 -18"><span class='ocrx_word' id='word_1_587' title='bbox 1106 3981 1141 4036; x_wconf 71' lang='lat'><strong>22</strong></span> <span class='ocrx_word' id='word_1_588' title='bbox 1156 3998 1218 4052; x_wconf 78' lang='lat' dir='ltr'><strong>aug.</strong></span> <span class='ocrx_word' id='word_1_589' title='bbox 1237 3983 1315 4049; x_wconf 79' lang='grc'><strong>1555,</strong></span> <span class='ocrx_word' id='word_1_590' title='bbox 1329 3979 1406 4054; x_wconf 86' lang='lat' dir='ltr'><strong>iepud</strong></span> <span class='ocrx_word' id='word_1_591' title='bbox 1419 3979 1539 4037; x_wconf 82' lang='lat' dir='ltr'><strong>Ferreris</strong></span> <span class='ocrx_word' id='word_1_592' title='bbox 1561 3976 1682 4049; x_wconf 84' lang='lat' dir='ltr'><strong>Prnsspto</strong></span> <span class='ocrx_word' id='word_1_593' title='bbox 1705 3971 1833 4032; x_wconf 72' lang='lat' dir='ltr'><strong>Bistua.</strong></span> <span class='ocrx_word' id='word_1_594' title='bbox 1849 3979 1874 4024; x_wconf 70' lang='grc' dir='ltr'><strong>ιΩ</strong></span> 
     </span>
     <span class='ocr_line' id='line_1_81' title="bbox 1109 4057 1875 4142; baseline -0.013 -20"><span class='ocrx_word' id='word_1_595' title='bbox 1109 4061 1234 4132; x_wconf 82' lang='lat' dir='ltr'><strong>Clericus,</strong></span> <span class='ocrx_word' id='word_1_596' title='bbox 1250 4070 1300 4122; x_wconf 86' lang='lat' dir='ltr'><strong>art.</strong></span> <span class='ocrx_word' id='word_1_597' title='bbox 1315 4067 1360 4142; x_wconf 80' lang='lat' dir='ltr'><strong>lli,</strong></span> <span class='ocrx_word' id='word_1_598' title='bbox 1374 4083 1403 4120; x_wconf 92' lang='grc' dir='ltr'><strong>ι.</strong></span> <span class='ocrx_word' id='word_1_599' title='bbox 1427 4069 1471 4122; x_wconf 80' lang='lat' dir='ltr'><strong>it.</strong></span> <span class='ocrx_word' id='word_1_600' title='bbox 1497 4065 1546 4119; x_wconf 88' lang='lat' dir='ltr'><strong>llic</strong></span> <span class='ocrx_word' id='word_1_601' title='bbox 1571 4057 1736 4118; x_wconf 74' lang='lat' dir='ltr'><strong>scandenda</strong></span> <span class='ocrx_word' id='word_1_602' title='bbox 1759 4059 1875 4114; x_wconf 88' lang='lat' dir='ltr'><strong>maxime</strong></span> 
     </span>
     <span class='ocr_line' id='line_1_82' title="bbox 1108 4144 1875 4221; baseline -0.007 -19"><span class='ocrx_word' id='word_1_603' title='bbox 1108 4150 1182 4206; x_wconf 77' lang='lat' dir='ltr'><strong>uenit</strong></span> <span class='ocrx_word' id='word_1_604' title='bbox 1203 4151 1313 4221; x_wconf 90' lang='lat' dir='ltr'><strong>epistola</strong></span> <span class='ocrx_word' id='word_1_605' title='bbox 1334 4151 1433 4208; x_wconf 76' lang='lat' dir='ltr'><strong>sicario</strong></span> <span class='ocrx_word' id='word_1_606' title='bbox 1457 4147 1598 4221; x_wconf 89' lang='lat' dir='ltr'><strong>capitulari</strong></span> <span class='ocrx_word' id='word_1_607' title='bbox 1625 4144 1774 4216; x_wconf 76' lang='lat' dir='ltr'><strong>Aquilone,</strong></span> <span class='ocrx_word' id='word_1_608' title='bbox 1800 4145 1875 4214; x_wconf 87' lang='lat' dir='ltr'><strong>jussu</strong></span> 
     </span>
     <span class='ocr_line' id='line_1_83' title="bbox 1109 4231 1876 4302; baseline -0.009 -15"><span class='ocrx_word' id='word_1_609' title='bbox 1109 4231 1215 4288; x_wconf 90' lang='lat' dir='ltr'><strong>Summi</strong></span> <span class='ocrx_word' id='word_1_610' title='bbox 1228 4234 1364 4290; x_wconf 87' lang='lat' dir='ltr'><strong>Pontificis</strong></span> <span class='ocrx_word' id='word_1_611' title='bbox 1373 4233 1520 4299; x_wconf 83' lang='lat' dir='ltr'><strong>Clementis</strong></span> <span class='ocrx_word' id='word_1_612' title='bbox 1528 4233 1572 4298; x_wconf 86' lang='lat' dir='ltr'><strong>lll,</strong></span> <span class='ocrx_word' id='word_1_613' title='bbox 1583 4233 1691 4302; x_wconf 88' lang='lat' dir='ltr'><strong>scripta,</strong></span> <span class='ocrx_word' id='word_1_614' title='bbox 1706 4231 1787 4298; x_wconf 84' lang='lat' dir='ltr'><strong>cnjus</strong></span> <span class='ocrx_word' id='word_1_615' title='bbox 1800 4234 1876 4283; x_wconf 84' lang='lat' dir='ltr'><strong>tenor</strong></span> 
     </span>
     <span class='ocr_line' id='line_1_84' title="bbox 1110 4307 1875 4390; baseline -0.01 -18"><span class='ocrx_word' id='word_1_616' title='bbox 1110 4319 1232 4389; x_wconf 86' lang='lat' dir='ltr'><strong>sequitur</strong></span> <span class='ocrx_word' id='word_1_617' title='bbox 1247 4335 1254 4373; x_wconf 93' lang='lat'><strong>:</strong></span> <span class='ocrx_word' id='word_1_618' title='bbox 1273 4336 1288 4372; x_wconf 84' lang='grc' dir='ltr'><strong>ι</strong></span> <span class='ocrx_word' id='word_1_619' title='bbox 1302 4307 1323 4374; x_wconf 71' lang='grc' dir='ltr'>Ε</span> <span class='ocrx_word' id='word_1_620' title='bbox 1337 4323 1484 4390; x_wconf 85' lang='lat' dir='ltr'><strong>perrennto</strong></span> <span class='ocrx_word' id='word_1_621' title='bbox 1498 4336 1514 4373; x_wconf 90' lang='lat' dir='ltr'><strong>a</strong></span> <span class='ocrx_word' id='word_1_622' title='bbox 1534 4317 1631 4372; x_wconf 76' lang='lat' dir='ltr'><strong>nonnis</strong></span> <span class='ocrx_word' id='word_1_623' title='bbox 1643 4312 1717 4368; x_wconf 87' lang='lat' dir='ltr'><strong>della</strong></span> <span class='ocrx_word' id='word_1_624' title='bbox 1731 4311 1836 4369; x_wconf 75' lang='lat' dir='ltr'><strong>Santite</strong></span> <span class='ocrx_word' id='word_1_625' title='bbox 1848 4310 1875 4364; x_wconf 89' lang='lat' dir='ltr'><strong>di</strong></span> 
     </span>
     <span class='ocr_line' id='line_1_85' title="bbox 1108 4398 1876 4478; baseline -0.009 -20"><span class='ocrx_word' id='word_1_626' title='bbox 1108 4421 1123 4458; x_wconf 89' lang='grc' dir='ltr'><strong>ι</strong></span> <span class='ocrx_word' id='word_1_627' title='bbox 1141 4402 1236 4458; x_wconf 88' lang='lat' dir='ltr'><strong>Nostro</strong></span> <span class='ocrx_word' id='word_1_628' title='bbox 1251 4404 1364 4478; x_wconf 74' lang='lat' dir='ltr'><strong>sig-nore</strong></span> <span class='ocrx_word' id='word_1_629' title='bbox 1378 4404 1428 4460; x_wconf 88' lang='lat' dir='ltr'><strong>che</strong></span> <span class='ocrx_word' id='word_1_630' title='bbox 1442 4405 1470 4458; x_wconf 91' lang='lat' dir='ltr'><strong>in</strong></span> <span class='ocrx_word' id='word_1_631' title='bbox 1484 4407 1585 4459; x_wconf 82' lang='lat' dir='ltr'><strong>coteste</strong></span> <span class='ocrx_word' id='word_1_632' title='bbox 1599 4400 1663 4454; x_wconf 76' lang='lat' dir='ltr'><strong>citis</strong></span> <span class='ocrx_word' id='word_1_633' title='bbox 1683 4399 1726 4454; x_wconf 85' lang='lat' dir='ltr'><strong>sie</strong></span> <span class='ocrx_word' id='word_1_634' title='bbox 1744 4414 1795 4468; x_wconf 89' lang='lat' dir='ltr'><strong>per</strong></span> <span class='ocrx_word' id='word_1_635' title='bbox 1808 4398 1876 4452; x_wconf 88' lang='lat' dir='ltr'><strong>reoi-</strong></span> 
     </span>
     <span class='ocr_line' id='line_1_86' title="bbox 1109 4481 1876 4553; baseline -0.009 -11"><span class='ocrx_word' id='word_1_636' title='bbox 1109 4504 1124 4542; x_wconf 84' lang='lat' dir='ltr'><strong>u</strong></span> <span class='ocrx_word' id='word_1_637' title='bbox 1141 4489 1203 4542; x_wconf 89' lang='lat' dir='ltr'><strong>tarsi</strong></span> <span class='ocrx_word' id='word_1_638' title='bbox 1218 4505 1271 4543; x_wconf 89' lang='lat' dir='ltr'><strong>una</strong></span> <span class='ocrx_word' id='word_1_639' title='bbox 1284 4487 1434 4544; x_wconf 88' lang='lat' dir='ltr'><strong>commedio</strong></span> <span class='ocrx_word' id='word_1_640' title='bbox 1448 4488 1476 4542; x_wconf 93' lang='lat' dir='ltr'><strong>iu</strong></span> <span class='ocrx_word' id='word_1_641' title='bbox 1491 4486 1605 4549; x_wconf 82' lang='lat' dir='ltr'><strong>musice,</strong></span> <span class='ocrx_word' id='word_1_642' title='bbox 1615 4481 1778 4553; x_wconf 86' lang='lat' dir='ltr'><strong>uelisquele</strong></span> <span class='ocrx_word' id='word_1_643' title='bbox 1793 4481 1876 4536; x_wconf 85' lang='lat' dir='ltr'><strong>inteu-</strong></span> 
     </span>
    </p>
   </div>
   <div class='ocr_carea' id='block_1_12' title="bbox 1086 4565 1877 4646">
    <p class='ocr_par' dir='ltr' id='par_1_16' title="bbox 1086 4565 1877 4646">
     <span class='ocr_line' id='line_1_87' title="bbox 1086 4565 1877 4646; baseline -0.008 -22"><span class='ocrx_word' id='word_1_644' title='bbox 1086 4607 1089 4615; x_wconf 79' lang='lat'>·</span> <span class='ocrx_word' id='word_1_645' title='bbox 1109 4589 1124 4624; x_wconf 87' lang='grc' dir='ltr'><strong>ι</strong></span> <span class='ocrx_word' id='word_1_646' title='bbox 1141 4569 1209 4627; x_wconf 88' lang='lat' dir='ltr'><strong>dano</strong></span> <span class='ocrx_word' id='word_1_647' title='bbox 1223 4572 1384 4630; x_wconf 83' lang='lat' dir='ltr'><strong>intervenire</strong></span> <span class='ocrx_word' id='word_1_648' title='bbox 1398 4588 1446 4646; x_wconf 89' lang='lat' dir='ltr'><strong>per</strong></span> <span class='ocrx_word' id='word_1_649' title='bbox 1468 4568 1654 4626; x_wconf 89' lang='lat' dir='ltr'><strong>interlocutori</strong></span> <span class='ocrx_word' id='word_1_650' title='bbox 1674 4565 1769 4620; x_wconf 88' lang='lat' dir='ltr'><strong>alcuni</strong></span> <span class='ocrx_word' id='word_1_651' title='bbox 1793 4579 1877 4620; x_wconf 85' lang='lat' dir='ltr'><strong>sacer·</strong></span> 
     </span>
    </p>
   </div>
   <div class='ocr_carea' id='block_1_13' title="bbox 1109 4647 1876 4728">
    <p class='ocr_par' dir='ltr' id='par_1_17' title="bbox 1109 4647 1876 4728">
     <span class='ocr_line' id='line_1_88' title="bbox 1109 4647 1876 4728; baseline -0.01 -18"><span class='ocrx_word' id='word_1_652' title='bbox 1109 4654 1213 4728; x_wconf 76' lang='lat' dir='ltr'><strong>adoti3</strong></span> <span class='ocrx_word' id='word_1_653' title='bbox 1234 4673 1249 4711; x_wconf 92' lang='lat' dir='ltr'><strong>e</strong></span> <span class='ocrx_word' id='word_1_654' title='bbox 1273 4674 1303 4713; x_wconf 92' lang='lat' dir='ltr'><strong>se</strong></span> <span class='ocrx_word' id='word_1_655' title='bbox 1321 4659 1392 4714; x_wconf 91' lang='lat' dir='ltr'><strong>hene</strong></span> <span class='ocrx_word' id='word_1_656' title='bbox 1415 4656 1441 4712; x_wconf 88' lang='lat' dir='ltr'><strong>la</strong></span> <span class='ocrx_word' id='word_1_657' title='bbox 1461 4654 1563 4712; x_wconf 80' lang='lat' dir='ltr'><strong>Santite</strong></span> <span class='ocrx_word' id='word_1_658' title='bbox 1580 4651 1633 4707; x_wconf 88' lang='lat' dir='ltr'><strong>Sue</strong></span> <span class='ocrx_word' id='word_1_659' title='bbox 1654 4647 1876 4705; x_wconf 85' lang='lat' dir='ltr'><strong>difficilmeutesi</strong></span> 
     </span>
    </p>
   </div>
   <div class='ocr_carea' id='block_1_14' title="bbox 294 4723 1877 5405">
    <p class='ocr_par' dir='ltr' id='par_1_18' title="bbox 294 4723 1877 5405">
     <span class='ocr_line' id='line_1_89' title="bbox 294 4723 1877 4812; baseline 0.001 -30"><span class='ocrx_word' id='word_1_660' title='bbox 294 4726 401 4783; x_wconf 90' lang='lat' dir='ltr'><strong>lucrum</strong></span> <span class='ocrx_word' id='word_1_661' title='bbox 420 4723 564 4798; x_wconf 81' lang='lat' dir='ltr'><strong>colligendi</strong></span> <span class='ocrx_word' id='word_1_662' title='bbox 584 4727 685 4781; x_wconf 85' lang='lat' dir='ltr'><strong>occasio</strong></span> <span class='ocrx_word' id='word_1_663' title='bbox 704 4743 762 4783; x_wconf 89' lang='lat' dir='ltr'><strong>sese</strong></span> <span class='ocrx_word' id='word_1_664' title='bbox 784 4729 899 4786; x_wconf 90' lang='lat' dir='ltr'><strong>dederit.</strong></span> <span class='ocrx_word' id='word_1_665' title='bbox 922 4733 1056 4806; x_wconf 76' lang='lat' dir='ltr'><strong>Probere,</strong></span> <span class='ocrx_word' id='word_1_666' title='bbox 1111 4739 1274 4812; x_wconf 75' lang='lat' dir='ltr'><strong>»persuade</strong></span> <span class='ocrx_word' id='word_1_667' title='bbox 1289 4745 1338 4798; x_wconf 91' lang='lat' dir='ltr'><strong>che</strong></span> <span class='ocrx_word' id='word_1_668' title='bbox 1352 4741 1405 4808; x_wconf 81' lang='lat' dir='ltr'><strong>noi,</strong></span> <span class='ocrx_word' id='word_1_669' title='bbox 1426 4737 1534 4812; x_wconf 76' lang='grc' dir='ltr'><strong>(ιιιιᾱο</strong></span> <span class='ocrx_word' id='word_1_670' title='bbox 1555 4737 1715 4793; x_wconf 86' lang='lat' dir='ltr'><strong>soriemente</strong></span> <span class='ocrx_word' id='word_1_671' title='bbox 1743 4731 1877 4786; x_wconf 85' lang='lat' dir='ltr'><strong>ridettiste</strong></span> 
     </span>
     <span class='ocr_line' id='line_1_90' title="bbox 295 4809 1877 4894; baseline 0.003 -31"><span class='ocrx_word' id='word_1_672' title='bbox 295 4810 393 4882; x_wconf 91' lang='lat' dir='ltr'><strong>inquit,</strong></span> <span class='ocrx_word' id='word_1_673' title='bbox 412 4809 554 4882; x_wconf 87' lang='lat' dir='ltr'><strong>pecuniam</strong></span> <span class='ocrx_word' id='word_1_674' title='bbox 577 4826 692 4882; x_wconf 86' lang='lat' dir='ltr'><strong>quacum</strong></span> <span class='ocrx_word' id='word_1_675' title='bbox 713 4813 744 4869; x_wconf 86' lang='lat' dir='ltr'><strong>na</strong></span> <span class='ocrx_word' id='word_1_676' title='bbox 762 4818 955 4875; x_wconf 89' lang='lat' dir='ltr'><strong>commercium</strong></span> <span class='ocrx_word' id='word_1_677' title='bbox 975 4820 1058 4894; x_wconf 89' lang='lat' dir='ltr'><strong>quod·</strong></span> <span class='ocrx_word' id='word_1_678' title='bbox 1112 4825 1196 4881; x_wconf 85' lang='lat' dir='ltr'><strong>ualle</strong></span> <span class='ocrx_word' id='word_1_679' title='bbox 1221 4825 1344 4883; x_wconf 80' lang='lat' dir='ltr'><strong>catamiti</strong></span> <span class='ocrx_word' id='word_1_680' title='bbox 1363 4823 1519 4892; x_wconf 81' lang='lat' dir='ltr'><strong>uniuersali,</strong></span> <span class='ocrx_word' id='word_1_681' title='bbox 1543 4821 1578 4879; x_wconf 91' lang='lat' dir='ltr'><strong>ed</strong></span> <span class='ocrx_word' id='word_1_682' title='bbox 1601 4836 1665 4876; x_wconf 90' lang='lat' dir='ltr'><strong>auco</strong></span> <span class='ocrx_word' id='word_1_683' title='bbox 1685 4813 1877 4889; x_wconf 85' lang='lat' dir='ltr'><strong>particoleridi</strong></span> 
     </span>
     <span class='ocr_line' id='line_1_91' title="bbox 294 4890 1876 4981; baseline -0.005 -18"><span class='ocrx_word' id='word_1_684' title='bbox 294 4893 371 4962; x_wconf 62' lang='lat' dir='ltr'><strong>libii,</strong></span> <span class='ocrx_word' id='word_1_685' title='bbox 387 4897 494 4948; x_wconf 70' lang='lat' dir='ltr'><strong>¹1⁰1ie⁸i</strong></span> <span class='ocrx_word' id='word_1_686' title='bbox 518 4890 640 4947; x_wconf 89' lang='lat' dir='ltr'><strong>inomni</strong></span> <span class='ocrx_word' id='word_1_687' title='bbox 664 4910 727 4950; x_wconf 74' lang='lat' dir='ltr'><strong>meu</strong></span> <span class='ocrx_word' id='word_1_688' title='bbox 749 4899 889 4968; x_wconf 77' lang='lat' dir='ltr'><strong>negotium</strong></span> <span class='ocrx_word' id='word_1_689' title='bbox 911 4899 1008 4960; x_wconf 88' lang='lat' dir='ltr'><strong>iacere.</strong></span> <span class='ocrx_word' id='word_1_690' title='bbox 1029 4906 1059 4960; x_wconf 92' lang='lat' dir='ltr'><strong>ln</strong></span> <span class='ocrx_word' id='word_1_691' title='bbox 1112 4914 1244 4966; x_wconf 74' lang='lat' dir='ltr'><strong>»coteste</strong></span> <span class='ocrx_word' id='word_1_692' title='bbox 1259 4912 1332 4979; x_wconf 79' lang='lat' dir='ltr'><strong>cittb,</strong></span> <span class='ocrx_word' id='word_1_693' title='bbox 1348 4926 1403 4965; x_wconf 93' lang='lat' dir='ltr'><strong>uon</strong></span> <span class='ocrx_word' id='word_1_694' title='bbox 1416 4909 1443 4962; x_wconf 80' lang='lat' dir='ltr'><strong>vi</strong></span> <span class='ocrx_word' id='word_1_695' title='bbox 1457 4910 1571 4981; x_wconf 89' lang='lat' dir='ltr'><strong>possiate</strong></span> <span class='ocrx_word' id='word_1_696' title='bbox 1587 4905 1697 4961; x_wconf 79' lang='lat' dir='ltr'><strong>inducre</strong></span> <span class='ocrx_word' id='word_1_697' title='bbox 1720 4920 1745 4980; x_wconf 17' lang='lat' dir='ltr'><strong>a*</strong></span> <span class='ocrx_word' id='word_1_698' title='bbox 1759 4905 1876 4974; x_wconf 88' lang='lat' dir='ltr'><strong>permet-</strong></span> 
     </span>
     <span class='ocr_line' id='line_1_92' title="bbox 295 4977 1876 5060; baseline 0.003 -28"><span class='ocrx_word' id='word_1_699' title='bbox 295 4978 421 5032; x_wconf 86' lang='lat' dir='ltr'><strong>sooietste</strong></span> <span class='ocrx_word' id='word_1_700' title='bbox 435 4991 494 5049; x_wconf 79' lang='lat' dir='ltr'><strong>que</strong></span> <span class='ocrx_word' id='word_1_701' title='bbox 510 4977 670 5032; x_wconf 91' lang='lat' dir='ltr'><strong>commercio</strong></span> <span class='ocrx_word' id='word_1_702' title='bbox 684 4979 827 5050; x_wconf 92' lang='lat' dir='ltr'><strong>incumbit,</strong></span> <span class='ocrx_word' id='word_1_703' title='bbox 840 4981 934 5040; x_wconf 81' lang='lat' dir='ltr'><strong>edesse</strong></span> <span class='ocrx_word' id='word_1_704' title='bbox 949 4994 1060 5057; x_wconf 90' lang='lat' dir='ltr'><strong>possunt</strong></span> <span class='ocrx_word' id='word_1_705' title='bbox 1111 5011 1126 5046; x_wconf 90' lang='grc' dir='ltr'><strong>ιι</strong></span> <span class='ocrx_word' id='word_1_706' title='bbox 1144 4995 1201 5048; x_wconf 91' lang='lat' dir='ltr'><strong>tere</strong></span> <span class='ocrx_word' id='word_1_707' title='bbox 1216 5010 1231 5049; x_wconf 89' lang='lat' dir='ltr'><strong>a</strong></span> <span class='ocrx_word' id='word_1_708' title='bbox 1245 4992 1376 5050; x_wconf 88' lang='lat' dir='ltr'><strong>sacerdoti</strong></span> <span class='ocrx_word' id='word_1_709' title='bbox 1389 5009 1405 5049; x_wconf 91' lang='lat' dir='ltr'><strong>e</strong></span> <span class='ocrx_word' id='word_1_710' title='bbox 1419 4993 1530 5060; x_wconf 79' lang='lat' dir='ltr'><strong>mensi,</strong></span> <span class='ocrx_word' id='word_1_711' title='bbox 1552 4987 1601 5045; x_wconf 91' lang='lat' dir='ltr'><strong>che</strong></span> <span class='ocrx_word' id='word_1_712' title='bbox 1624 4986 1824 5058; x_wconf 86' lang='lat' dir='ltr'><strong>compariscano</strong></span> <span class='ocrx_word' id='word_1_713' title='bbox 1839 4983 1876 5036; x_wconf 84' lang='grc' dir='ltr'><strong>ιι·</strong></span> 
     </span>
     <span class='ocr_line' id='line_1_93' title="bbox 295 5059 1877 5149; baseline 0.004 -35"><span class='ocrx_word' id='word_1_714' title='bbox 295 5059 361 5115; x_wconf 91' lang='lat' dir='ltr'><strong>socii</strong></span> <span class='ocrx_word' id='word_1_715' title='bbox 374 5060 429 5116; x_wconf 82' lang='lat' dir='ltr'><strong>sire</strong></span> <span class='ocrx_word' id='word_1_716' title='bbox 441 5059 582 5131; x_wconf 76' lang='lat' dir='ltr'><strong>uigilantes</strong></span> <span class='ocrx_word' id='word_1_717' title='bbox 596 5061 651 5116; x_wconf 83' lang='lat' dir='ltr'><strong>siae</strong></span> <span class='ocrx_word' id='word_1_718' title='bbox 665 5059 839 5122; x_wconf 82' lang='lat' dir='ltr'><strong>dormientes.</strong></span> <span class='ocrx_word' id='word_1_719' title='bbox 854 5067 946 5125; x_wconf 90' lang='lat' dir='ltr'><strong>Socius</strong></span> <span class='ocrx_word' id='word_1_720' title='bbox 960 5077 1005 5142; x_wconf 91' lang='lat' dir='ltr'><strong>qui</strong></span> <span class='ocrx_word' id='word_1_721' title='bbox 1019 5075 1059 5128; x_wconf 83' lang='lat' dir='ltr'><strong>ri·</strong></span> <span class='ocrx_word' id='word_1_722' title='bbox 1111 5093 1126 5126; x_wconf 85' lang='grc' dir='ltr'><strong>ι</strong></span> <span class='ocrx_word' id='word_1_723' title='bbox 1144 5077 1233 5145; x_wconf 86' lang='lat' dir='ltr'><strong>taetri,</strong></span> <span class='ocrx_word' id='word_1_724' title='bbox 1246 5095 1261 5132; x_wconf 91' lang='lat' dir='ltr'><strong>e</strong></span> <span class='ocrx_word' id='word_1_725' title='bbox 1275 5082 1510 5149; x_wconf 83' lang='lat' dir='ltr'><strong>roppresentunse,</strong></span> <span class='ocrx_word' id='word_1_726' title='bbox 1524 5074 1551 5132; x_wconf 88' lang='lat' dir='ltr'><strong>le</strong></span> <span class='ocrx_word' id='word_1_727' title='bbox 1563 5071 1637 5145; x_wconf 85' lang='lat' dir='ltr'><strong>quali</strong></span> <span class='ocrx_word' id='word_1_728' title='bbox 1651 5086 1756 5143; x_wconf 87' lang='lat' dir='ltr'><strong>appena</strong></span> <span class='ocrx_word' id='word_1_729' title='bbox 1768 5069 1791 5123; x_wconf 90' lang='lat' dir='ltr'><strong>si</strong></span> <span class='ocrx_word' id='word_1_730' title='bbox 1804 5065 1877 5121; x_wconf 90' lang='lat' dir='ltr'><strong>tolle·</strong></span> 
     </span>
     <span class='ocr_line' id='line_1_94' title="bbox 295 5143 1875 5236; baseline 0.004 -38"><span class='ocrx_word' id='word_1_731' title='bbox 295 5143 361 5217; x_wconf 74' lang='lat' dir='ltr'><strong>qilet</strong></span> <span class='ocrx_word' id='word_1_732' title='bbox 378 5144 540 5216; x_wconf 81' lang='lat' dir='ltr'><strong>negotiatur,</strong></span> <span class='ocrx_word' id='word_1_733' title='bbox 554 5163 608 5202; x_wconf 89' lang='lat' dir='ltr'><strong>non</strong></span> <span class='ocrx_word' id='word_1_734' title='bbox 620 5151 711 5204; x_wconf 90' lang='lat' dir='ltr'><strong>autem</strong></span> <span class='ocrx_word' id='word_1_735' title='bbox 725 5147 873 5207; x_wconf 86' lang='lat' dir='ltr'><strong>dormiens.</strong></span> <span class='ocrx_word' id='word_1_736' title='bbox 890 5155 919 5209; x_wconf 90' lang='lat' dir='ltr'><strong>ln</strong></span> <span class='ocrx_word' id='word_1_737' title='bbox 934 5157 1060 5216; x_wconf 88' lang='lat' dir='ltr'><strong>societate</strong></span> <span class='ocrx_word' id='word_1_738' title='bbox 1112 5179 1205 5218; x_wconf 79' lang='lat' dir='ltr'><strong>nreno</strong></span> <span class='ocrx_word' id='word_1_739' title='bbox 1220 5161 1292 5220; x_wconf 90' lang='lat' dir='ltr'><strong>uelle</strong></span> <span class='ocrx_word' id='word_1_740' title='bbox 1313 5179 1427 5236; x_wconf 88' lang='lat' dir='ltr'><strong>persone</strong></span> <span class='ocrx_word' id='word_1_741' title='bbox 1447 5162 1547 5228; x_wconf 88' lang='lat' dir='ltr'><strong>laicali,</strong></span> <span class='ocrx_word' id='word_1_742' title='bbox 1570 5155 1683 5214; x_wconf 72' lang='lat' dir='ltr'><strong>emendo</strong></span> <span class='ocrx_word' id='word_1_743' title='bbox 1712 5157 1755 5212; x_wconf 83' lang='lat' dir='ltr'><strong>cio</strong></span> <span class='ocrx_word' id='word_1_744' title='bbox 1783 5153 1875 5208; x_wconf 80' lang='lat' dir='ltr'><strong>rietato</strong></span> 
     </span>
     <span class='ocr_line' id='line_1_95' title="bbox 296 5227 1875 5322; baseline 0.006 -42"><span class='ocrx_word' id='word_1_745' title='bbox 296 5227 345 5281; x_wconf 92' lang='lat' dir='ltr'><strong>sub</strong></span> <span class='ocrx_word' id='word_1_746' title='bbox 359 5229 468 5322; x_wconf 80' lang='lat' dir='ltr'><strong>nomine</strong></span> <span class='ocrx_word' id='word_1_747' title='bbox 477 5227 614 5322; x_wconf 76' lang='lat' dir='ltr'><strong>collective</strong></span> <span class='ocrx_word' id='word_1_748' title='bbox 625 5247 715 5287; x_wconf 89' lang='lat' dir='ltr'><strong>omues</strong></span> <span class='ocrx_word' id='word_1_749' title='bbox 726 5233 789 5288; x_wconf 90' lang='lat' dir='ltr'><strong>socii</strong></span> <span class='ocrx_word' id='word_1_750' title='bbox 798 5241 860 5290; x_wconf 90' lang='lat' dir='ltr'><strong>sunt</strong></span> <span class='ocrx_word' id='word_1_751' title='bbox 869 5241 1060 5311; x_wconf 81' lang='lat' dir='ltr'><strong>negotiatores,</strong></span> <span class='ocrx_word' id='word_1_752' title='bbox 1112 5263 1127 5300; x_wconf 88' lang='grc' dir='ltr'><strong>ιι</strong></span> <span class='ocrx_word' id='word_1_753' title='bbox 1144 5243 1179 5300; x_wconf 89' lang='lat' dir='ltr'><strong>do</strong></span> <span class='ocrx_word' id='word_1_754' title='bbox 1191 5249 1262 5320; x_wconf 77' lang='lat' dir='ltr'><strong>segri</strong></span> <span class='ocrx_word' id='word_1_755' title='bbox 1276 5249 1383 5312; x_wconf 86' lang='lat' dir='ltr'><strong>cunoni,</strong></span> <span class='ocrx_word' id='word_1_756' title='bbox 1398 5263 1414 5302; x_wconf 93' lang='lat' dir='ltr'><strong>e</strong></span> <span class='ocrx_word' id='word_1_757' title='bbox 1427 5244 1499 5302; x_wconf 91' lang='lat' dir='ltr'><strong>dalle</strong></span> <span class='ocrx_word' id='word_1_758' title='bbox 1513 5241 1672 5300; x_wconf 86' lang='lat' dir='ltr'><strong>resoluaioni</strong></span> <span class='ocrx_word' id='word_1_759' title='bbox 1687 5237 1716 5294; x_wconf 90' lang='lat' dir='ltr'><strong>di</strong></span> <span class='ocrx_word' id='word_1_760' title='bbox 1729 5243 1825 5311; x_wconf 87' lang='lat' dir='ltr'><strong>questa</strong></span> <span class='ocrx_word' id='word_1_761' title='bbox 1838 5253 1875 5290; x_wconf 85' lang='lat' dir='ltr'><strong>ss·</strong></span> 
     </span>
     <span class='ocr_line' id='line_1_96' title="bbox 296 5311 1873 5405; baseline -0.011 -14"><span class='ocrx_word' id='word_1_762' title='bbox 296 5323 350 5365; x_wconf 71' lang='lat'>¹¹⁰⁰</span> <span class='ocrx_word' id='word_1_763' title='bbox 371 5324 434 5364; x_wconf 55' lang='grc' dir='ltr'><strong>’Ἢ</strong></span> <span class='ocrx_word' id='word_1_764' title='bbox 458 5323 486 5366; x_wconf 77' lang='lat'><strong>¹¹¹</strong></span> <span class='ocrx_word' id='word_1_765' title='bbox 509 5311 678 5369; x_wconf 69' lang='lat' dir='ltr'><strong>⁸⁰⁰¹ii⁸iib¹¹³</strong></span> <span class='ocrx_word' id='word_1_766' title='bbox 698 5317 847 5387; x_wconf 72' lang='lat' dir='ltr'><strong>anonymis.</strong></span> <span class='ocrx_word' id='word_1_767' title='bbox 869 5321 995 5395; x_wconf 59' lang='lat' dir='ltr'><strong>mulii.</strong></span> <span class='ocrx_word' id='word_1_768' title='bbox 1008 5327 1059 5381; x_wconf 82' lang='lat' dir='ltr'><strong>etsi</strong></span> <span class='ocrx_word' id='word_1_769' title='bbox 1112 5347 1127 5384; x_wconf 89' lang='grc' dir='ltr'><strong>ι</strong></span> <span class='ocrx_word' id='word_1_770' title='bbox 1143 5347 1191 5404; x_wconf 74' lang='lat' dir='ltr'><strong>gra</strong></span> <span class='ocrx_word' id='word_1_771' title='bbox 1204 5331 1432 5405; x_wconf 74' lang='lat' dir='ltr'><strong>congregazione,</strong></span> <span class='ocrx_word' id='word_1_772' title='bbox 1445 5325 1556 5386; x_wconf 83' lang='lat' dir='ltr'><strong>tuttuvia</strong></span> <span class='ocrx_word' id='word_1_773' title='bbox 1568 5324 1605 5381; x_wconf 89' lang='lat' dir='ltr'><strong>ha</strong></span> <span class='ocrx_word' id='word_1_774' title='bbox 1618 5327 1727 5382; x_wconf 73' lang='lat' dir='ltr'><strong>sumata</strong></span> <span class='ocrx_word' id='word_1_775' title='bbox 1736 5321 1765 5378; x_wconf 94' lang='lat' dir='ltr'><strong>di</strong></span> <span class='ocrx_word' id='word_1_776' title='bbox 1773 5325 1873 5377; x_wconf 83' lang='lat' dir='ltr'><strong>strettu-</strong></span> 
     </span>
    </p>
   </div>
   <div class='ocr_carea' id='block_1_15' title="bbox 0 0 2045 6052">
    <p class='ocr_par' dir='ltr' id='par_1_19' title="bbox 0 0 2045 6052">
     <span class='ocr_line' id='line_1_97' title="bbox 0 0 2045 6052; baseline 0 0"><span class='ocrx_word' id='word_1_777' title='bbox 0 0 2045 6052; x_wconf 95' lang='lat' dir='ltr'><strong> </strong></span> 
     </span>
    </p>
   </div>
  </div>
 </body>
</html>
