3994 6050
252 262 271 344 ᾗ
290 261 365 326 XIV.
389 264 439 325 ott
459 263 667 330 americus
687 263 878 342 AsrncrtS,
902 267 950 329 ΕΤ
969 269 1216 336 Aproslrtortn
1235 275 1367 340 MANUS
1387 273 1511 340 PAPAE.
1610 267 1669 335 5⁴⁹

95 393 286 458 nullomodo
300 401 401 474 potest
414 396 537 460 obstare
546 398 665 460 ratione
675 398 855 460 reservatio·
946 405 1015 466 429.
1038 403 1084 466 Et
1095 407 1280 487 respondetur
1292 409 1332 471 ad
1343 409 1521 489 objectiones.
1532 407 1669 481 -Qnod

94 491 151 561 nis,
168 507 238 570 qoae
252 489 283 550 in
301 507 398 570 regno
418 507 481 551 non
504 490 598 555 babet
617 491 731 566 locum,
752 513 768 550 o
793 497 852 556 etc.
907 496 933 557 si
961 497 1031 575 quis
1047 505 1049 510 ’
1063 507 1171 563 contra
1203 503 1284 565 hanc
1318 505 1502 567 sententiam
1529 499 1664 583 objiciat.

93 585 165 646 llaec
179 582 241 656 ille,
256 583 391 666 probans
405 583 560 648 interulis
574 587 658 649 istud
672 605 691 648 a
705 587 796 650 simili
817 603 855 650 ex
914 589 1061 670 oOmnia,
1078 599 1109 656 et
1123 595 1245 677 singula
1258 597 1408 660 beneficia
1419 597 1663 672 ecclesiastica»

93 697 149 741 eo:
173 678 246 758 quin
264 679 382 760 pariter
402 679 506 744 citatio
523 680 626 754 nulla,
651 697 714 742 non
737 679 855 744 inducit
908 701 964 764 per
977 685 1202 766 appositionem
1214 709 1328 755 manus
1336 692 1498 772 pontificia
1506 696 1669 753 remanent

92 773 345 853 praeventionem,
360 773 381 834 l.
398 772 438 836 Si
446 779 542 855 peter.
560 775 592 837 et
601 773 643 836 ibi
654 773 762 837 Glossa
771 793 799 838 c.
810 773 856 836 Ne
908 797 1032 858 semper
1043 781 1165 858 effecta,
1177 785 1265 866 juxta
1279 781 1441 865 Extrav'ag.
1462 785 1513 848 Aa
1529 783 1665 847 Romani.

92 865 125 928 de
137 875 216 930 statu
229 865 390 946 deficactor.
406 870 439 930 et
452 869 560 930 Glossa
574 869 630 930 ult.
645 867 678 928 in
692 885 720 930 c.
737 867 777 930 Si
782 867 853 950 plu·
908 873 940 934 h.
955 876 978 935 t.
995 873 1077 937 inter
1090 895 1246 942 commun.
1262 879 1351 960 cujas
1364 879 1459 942 verba
1478 897 1511 941 n.
1531 882 1668 942 libre·

92 978 146 1022 res.
161 959 199 1022 de
213 957 303 1040 offic.
318 959 441 1042 delegat.
457 961 487 1022 in
509 965 540 1026 6.
552 967 619 1024 elc-
643 961 732 1034 Quod
750 962 853 1042 ipsum
907 965 1066 1030 feruntur:
1080 986 1155 1052 ergo
1174 973 1232 1035 hoc
1254 973 1356 1052 ipsum
1369 973 1508 1054 procedit
1521 975 1560 1036 de
1574 972 1668 1034 bene·

93 1053 129 1115 de
142 1053 337 1116 concordatis
350 1055 534 1134 Germaniae,
551 1055 690 1118 nonnulli
710 1056 762 1119 alii
779 1073 854 1118 ano·
906 1058 995 1133 liciis,
1023 1079 1093 1140 quae
1120 1068 1232 1129 vacent
1253 1067 1286 1128 iu
1305 1066 1463 1129 mensibus
1485 1063 1665 1147 pontificiis,

92 1151 185 1222 tores,
201 1167 238 1210 ac
252 1149 412 1231 signanter
425 1149 489 1212 Par
503 1150 668 1228 terdenus,
689 1152 852 1232 etllurga,
907 1153 994 1232 juxta
1020 1157 1207 1221 concordata
1233 1160 1420 1234 Germania,
1449 1160 1556 1240 eisque
1583 1157 1667 1236 Papa

92 1243 143 1304 uhi
158 1261 266 1323 supra,
291 1242 425 1305 sensisse
448 1244 610 1321 videntum
637 1263 674 1308 eo
698 1245 783 1326 qood
804 1245 855 1308 nel
908 1265 1035 1309 manum
1049 1251 1176 1331 apponit
1196 1251 1665 1330 percolationeminv'alidsm:

92 1353 145 1414 pro
160 1354 195 1397 se
209 1337 303 1399 citent
316 1335 492 1410 Rebutium,
508 1336 539 1398 in
553 1339 613 1401 hoc
626 1357 699 1402 casu
710 1353 854 1419 expresso
907 1355 980 1400 num
994 1341 1076 1403 istud
1090 1343 1272 1406 convincere
1285 1345 1406 1407 videtur
1419 1344 1511 1408 dictio
1525 1345 1579 1407 illa
1598 1344 1669 1406 uni-

92 1427 290 1507 loquentam;
306 1428 357 1492 vel
370 1429 478 1492 saltem
492 1431 632 1494 absolute
653 1433 793 1508 doceant,
816 1450 854 1494 ex
909 1430 1045 1507 versalia,
1066 1433 1205 1496 «Omnia
1218 1441 1249 1498 et
1263 1436 1383 1516 singula
1397 1435 1588 1514 beneficia,n
1607 1441 1665 1498 etc.

92 1522 285 1602 appositione
299 1541 410 1585 manus
425 1522 515 1605 Papae
530 1541 592 1588 non
606 1525 709 1589 induci
719 1524 854 1590 allectio-
906 1525 1097 1604 Responderi
1112 1532 1213 1607 potest
1225 1530 1336 1609 primo,
1352 1528 1560 1608 retorquendo
1575 1545 1670 1608 argu·

92 1635 162 1678 uem
190 1615 426 1692 beneficiorum,
453 1617 577 1697 quando
598 1618 670 1682 inde
691 1620 855 1682 resultaret
907 1625 1057 1682 mentum.
1073 1623 1161 1695 Quia,
1177 1624 1203 1685 si
1217 1623 1292 1701 quid
1306 1623 1451 1704 probaret
1465 1621 1667 1684 detainstuu·

93 1711 308 1792 praejudicium
320 1711 588 1776 concordatomm.
907 1714 961 1790 tia,
976 1714 1092 1794 pariter
1105 1724 1297 1796 sequeretur,
1314 1716 1396 1797 quod
1405 1717 1494 1798 Papa
1509 1715 1615 1789 libere,
1631 1731 1670 1776 so

129 1807 199 1868 428.
228 1804 366 1886 Affertur
377 1805 453 1868 ratio
465 1805 630 1884 dubitandi,
644 1815 732 1889 atque
744 1813 856 1870 senten·
907 1803 947 1866 dc
961 1823 1019 1867 sua
1031 1807 1169 1887 potentia
1182 1806 1353 1882 ordinaria,
1370 1803 1525 1886 salvisque
1540 1822 1671 1868 concor-

92 1895 161 1958 tr'am
181 1898 395 1982 affimatimm
417 1901 541 1964 tenendi.
566 1933 608 1948 -
627 1901 754 1966 Accedit
773 1901 853 1964 ratio
907 1895 986 1958 datis
1000 1896 1184 1973 Germaniae,
1200 1898 1296 1978 possit
1309 1898 1412 1976 tacite,
1424 1897 1555 1978 siveper
1567 1897 1668 1958 solam

91 1988 256 2070 desumpta
269 2008 307 2051 ex
320 1995 429 2052 tenore
451 1991 709 2056 concordaturum
727 1995 855 2056 Germa·
907 1991 1134 2070 appositionem
1161 2008 1272 2053 manus
1295 2009 1381 2070 succ,
1404 2005 1576 2060 ,reservare
1595 1990 1668 2054 sibi

91 2085 162 2147 nioe.
178 2081 335 2162 Siquidem
350 2083 381 2144 in
396 2083 737 2164 istisgtsichabetur,
753 2089 854 2161 «Quo-
912 2084 1055 2161 comnia,
1084 2091 1116 2147 et
1142 2086 1263 2165 singule
1290 2083 1485 2164 beneficia»
1516 2084 1610 2150 etiam
1635 2084 1668 2144 in

90 2180 149 2242 ties
162 2195 237 2239 vero
250 2176 355 2255 aliquo
369 2182 499 2241 vacante
509 2178 662 2244 beneflcio
676 2183 707 2244 in
720 2183 853 2262 Januarii
908 2176 1067 2239 mensibus
1086 2177 1275 2241 collatorum
1298 2178 1492 2254 interiorum,
1520 2179 1597 2258 puta
1622 2175 1668 2237 ie-

90 2307 129 2320 ·-
151 2271 332 2350 mensibus,
357 2271 532 2351 specialiter
551 2273 743 2353 dispositioni
765 2269 855 2338 dictas
907 2271 1033 2346 broerii,
1050 2271 1165 2352 aprilis,
1182 2279 1241 2335 etc.
1257 2273 1398 2335 vacantia
1414 2291 1421 2333 :
1438 2270 1531 2352 idque
1545 2277 1670 2352 propter

90 2366 180 2429 Sedis
208 2363 382 2439 reservatis,
409 2383 471 2426 non
494 2369 672 2448 apparuerit
685 2368 765 2430 inira
792 2375 854 2432 tres
907 2364 1075 2426 dictionem
1103 2365 1186 2426 illam
1214 2366 1430 2442 universalem,
1465 2385 1479 2423 o
1507 2363 1617 2424 Omnia
1639 2369 1671 2424 et

89 2475 216 2521 menses
231 2474 249 2518 a
263 2456 313 2518 die
327 2463 408 2520 notae
422 2459 591 2521 vacationis
614 2460 645 2521 iu
668 2461 735 2522 loco
758 2460 855 2523 bene-
908 2457 1070 2538 singular
1089 2461 1148 2520 etc.
1166 2459 1256 2539 Atqui
1271 2459 1352 2522 istud
1366 2463 1521 2540 repugnet
1539 2473 1671 2518 concor-

89 2552 162 2628 ficii,
179 2551 262 2630 quod
277 2551 368 2614 eboni
378 2553 417 2614 de
432 2553 484 2614 illo
494 2555 855 2635 apostolioaauctoritute
907 2553 986 2615 datis
1001 2552 1185 2626 Germania,
1198 2554 1287 2632 juxta
1301 2552 1383 2614 dicta
1396 2568 1428 2611 n.
1444 2553 1513 2614 lid.
1531 2551 1672 2630 ltespoue

89 2645 248 2726 provisum
271 2645 372 2720 fuerit,
396 2665 435 2708 ex
460 2653 534 2709 tuno
547 2665 610 2710 non
625 2652 716 2711 antea
731 2648 854 2710 ordina·
907 2646 973 2710 deri
987 2649 1089 2726 potest
1102 2643 1237 2708 secundo
1252 2663 1323 2725 neg.
1342 2663 1407 2724 seq.
1424 2643 1672 2716 Ouia'notissimi

90 2739 165 2812 rius,
182 2738 231 2800 vel
244 2737 339 2813 alius,
355 2738 501 2818 adquam
515 2741 597 2802 illius
611 2741 769 2822 dispositio
783 2759 855 2821 per·
905 2739 983 2821 J'uris
999 2744 1057 2812 est,
1072 2738 1156 2817 quod
1169 2737 1242 2818 Legi
1263 2736 1400 2819 generali
1424 2738 1530 2816 (pota,
1546 2737 1602 2798 cit.¹
1613 2737 1671 2798 Ex-

89 2832 211 2909 tiuehit,
240 2831 280 2896 de
308 2833 359 2894 illo
386 2831 485 2895 libere
508 2834 672 2913 disponere
695 2835 849 2915 poterit.»
907 2840 1026 2913 travag.
1041 2830 1240 2906 Adisamon,
1254 2832 1287 2893 h.
1303 2834 1340 2911 t.)
1354 2831 1520 2912 derogetur
1533 2847 1589 2910 per
1603 2847 1672 2907 spe*

89 2928 165 2988 llaec
178 2925 232 2987 ibi.
250 2925 341 3004 Atqui
355 2929 455 2987 stante
469 2925 661 2989 invaliditate
682 2928 854 2989 collationis
908 2927 1017 2989 cialem
1046 2926 1157 3006 (puta,
1186 2943 1243 3005 per
1269 2923 1456 2986 concordata
1481 2921 1671 3002 Germania)

89 3019 221 3100 papalis,
238 3017 278 3079 ob
294 3017 400 3078 vitium
414 3017 633 3099 subreptionis,
647 3021 697 3081 vel
711 3019 855 3082 inhabili·
909 3021 1037 3100 hecque
1064 3019 1147 3080 illam
1179 3017 1308 3090 limitet,
1347 3022 1441 3094 atque
1475 3014 1667 3094 distinguat:

91 3110 296 3188 utentibus,
312 3112 361 3173 cui
374 3109 456 3173 beta
466 3119 523 3188 est,
534 3121 744 3194 uonapparet,
759 3113 854 3176 fuisse
909 3129 982 3173 nam
1001 3133 1015 3170 c
1029 3111 1060 3172 in
1074 3115 1139 3173 toto
1151 3113 1220 3191 jure
1235 3109 1345 3191 generi·
1356 3127 1411 3189 per
1424 3106 1560 3188 speciem
1579 3107 1671 3169 dero·

90 3204 184 3266 alicui
198 3203 237 3266 de
252 3203 304 3266 tali
327 3203 479 3266 beneficio
501 3208 660 3286 provisum
674 3207 854 3271 anctoritate
909 3212 1017 3288 gatur:
1030 3207 1062 3268 et
1075 3203 1151 3266 illud
1164 3203 1358 3283 potissimum
1372 3201 1516 3276 habetur,
1533 3199 1617 3278 quod
1630 3199 1672 3262 ad

90 3296 260 3376 apostolica
282 3294 360 3358 inira
381 3304 443 3358 tres
465 3315 609 3372 mensee3
626 3317 701 3381 ergo
716 3318 754 3361 ex
766 3302 853 3373 tunc,
909 3298 1045 3378 speciem
1059 3297 1211 3359 directum
1230 3301 1291 3370 est3
1316 3316 1331 3355 n
1355 3300 1447 3374 prout
1464 3293 1577 3356 dicitur
1595 3293 1671 3358 ull

89 3391 119 3451 ri
133 3389 285 3454 dictorum
299 3390 566 3468 concordatorum,
576 3398 679 3474 potest
693 3393 768 3456 illud
782 3411 855 3455 con·
909 3397 965 3454 toto
972 3391 1056 3474 jure.
1072 3389 1104 3452 ff.
1122 3388 1161 3452 de
1174 3407 1240 3470 reg.
1254 3390 1317 3470 jor.
1332 3394 1363 3450 et
1377 3405 1406 3454 c.
1423 3385 1538 3451 uenat.
1552 3386 1623 3451 eod.
1638 3387 1670 3448 in

90 3484 163 3546 ferri
177 3501 234 3562 per
247 3483 437 3548 ordinarium
454 3485 646 3550 collatorem.
907 3488 937 3547 6.
954 3501 1024 3546 cum
1039 3483 1277 3545 concordantiis.

130 3577 230 3640 Minor
238 3578 403 3658 probatur;
419 3584 485 3641 tum
497 3580 698 3660 quiacollatio
707 3579 852 3656 invalida,
946 3579 984 3641 Et
998 3577 1024 3639 si
1038 3575 1165 3638 ulterius
1188 3576 1256 3654 qais
1278 3576 1413 3656 objiciat.
1439 3572 1568 3646 Quando
1585 3571 1670 3652 Papa

90 3674 124 3734 et
132 3669 220 3732 nulla
229 3671 477 3751 equiparantun
490 3674 643 3755 siquidem
656 3676 851 3754 «nonreiert,
907 3673 1033 3734 nulliter
1046 3669 1165 3732 coniert
1178 3669 1365 3732 heneficium
1384 3669 1417 3730 in
1440 3665 1670 3730 mensibussibi

90 3781 132 3824 an
147 3760 264 3842 aliquid
287 3779 349 3824 non
370 3763 435 3838 liat,
459 3765 507 3826 vel
529 3766 632 3828 minus
655 3767 735 3829 bene
753 3766 850 3830 dats
908 3783 964 3846 per
989 3764 1123 3844 Regulas
1158 3761 1356 3824 cancellariae
1390 3765 1598 3835 reservatum,
1626 3759 1671 3821 ita

91 3855 200 3918 Glossa
221 3857 252 3917 in
274 3855 297 3918 l.
322 3855 496 3932 &moreti
528 3859 614 3932 roni
628 3859 702 3922 satis
716 3859 790 3922 dare
806 3879 855 3922 eo·
908 3859 1040 3922 afficitor
1053 3856 1238 3920 heneficium
1260 3855 1337 3924 dlud
1359 3872 1416 3935 per
1433 3853 1546 3917 dietam
1559 3869 1671 3914 manus

91 3955 246 4030 gaulone
273 3949 431 4029 Simulque
454 3951 605 4029 eiusmodi
626 3953 748 4016 collutio
766 3955 853 4017 inru—
908 3951 999 4031 Papae
1014 3949 1252 4030 appositionem,
1276 3955 1310 4010 nt
1328 3948 1431 4009 nullus
1444 3945 1574 4010 collator
1587 3943 1671 4006 ordi-

90 4041 166 4117 lida,
181 4040 314 4104 habetur
327 4043 516 4124 proinfecta‚
533 4063 602 4108 can.
620 4045 781 4128 impertisti.
803 4049 852 4112 25.
908 4047 1013 4108 narius
1040 4045 1072 4106 in
1098 4043 1258 4105 mensibus
1285 4039 1547 4120 subsequentibus
1571 4037 1671 4117 possit

91 4154 122 4216 q.
138 4136 170 4195 2.
184 4134 291 4214 juncta
305 4152 371 4217 reg.
387 4140 436 4198 cr.
451 4137 590 4216 jur.ind;
601 4143 666 4201 tum
673 4139 756 4218 quia,
772 4140 854 4218 qnod
908 4138 991 4200 istud
1005 4135 1159 4197 conferre:
1177 4134 1364 4198 beneficium
1378 4133 1462 4196 euim
1475 4128 1670 4194 semelaffeo·

91 4225 213 4286 nullom
239 4231 296 4298 est,
325 4228 445 4289 nullum
470 4229 613 4309 producit
640 4231 796 4307 affectum,
825 4251 852 4297 c.
908 4240 986 4305 tum,
1010 4245 1134 4310 semper
1155 4235 1296 4292 remanet
1318 4227 1474 4304 affectum,
1495 4224 1547 4288 cit.
1563 4223 1671 4286 Extra·

93 4315 185 4380 Illud.
201 4320 230 4381 8.
246 4317 281 4380 de
294 4317 513 4401 Jarepotrcnat.
529 4322 679 4398 Barbosa,
701 4327 854 4388 Axiomat.
908 4342 978 4403 vag.
994 4320 1046 4385 Ad
1059 4320 1193 4384 Romani.
1210 4321 1242 4382 h.
1258 4323 1281 4382 t.
1296 4320 1386 4382 inter.
1409 4335 1566 4380 commun.
1588 4317 1669 4394 Ergo

92 4411 162 4474 rot.
188 4429 220 4471 n.
247 4415 275 4474 l.
301 4413 400 4475 citans
422 4415 514 4491 alios;
530 4417 635 4496 sicque
649 4438 707 4500 per
719 4421 857 4483 collatio-
909 4418 1035 4498 pariter,
1051 4416 1076 4475 si
1097 4415 1180 4493 Rapa
1194 4413 1318 4474 nulliter
1331 4411 1470 4476 conferat
1483 4409 1671 4473 beneficium

91 4523 165 4566 nem
189 4503 372 4583 invalidam,
394 4525 459 4570 non
477 4517 623 4574 censetur
636 4512 771 4592 cuipiam
785 4531 857 4592 pro·
910 4511 941 4572 in
955 4525 1063 4570 mense
1086 4507 1143 4570 sibi
1166 4525 1224 4588 per
1241 4505 1426 4568 concordata
1439 4505 1611 4568 Germania
1624 4521 1671 4566 re-

92 4598 196 4658 visum
209 4597 249 4660 de
262 4595 423 4661 beneficio.
449 4603 543 4682 Atqui
557 4605 654 4668 relato
669 4605 856 4670 concordata
910 4609 1050 4679 servato,
1077 4601 1139 4664 tale
1165 4599 1351 4662 beneficium
1378 4599 1418 4660 cb
1445 4595 1671 4677 appositionem

91 4689 267 4752 Germania
295 4708 440 4772 expresse
463 4697 638 4760 concedunt
660 4699 857 4762 collatoribus
910 4697 1125 4775 manusPape
1140 4693 1279 4757 manebit
1292 4709 1415 4771 semper
1428 4692 1590 4764 allectum
1612 4690 1671 4754 sio·

92 4781 269 4863 ordinariis,
297 4785 437 4848 conferre
462 4788 615 4853 beneficia
642 4791 674 4852 in
695 4794 855 4856 mensibus
911 4809 972 4871 que
986 4788 1107 4851 illudio
1122 4786 1279 4849 mensibus
1302 4782 1572 4862 subsequentibus,
1594 4800 1672 4844 nun-

92 4873 259 4956 pontificiis
273 4879 426 4956 vacantia,
441 4884 565 4961 quando
575 4885 614 4946 de
627 4885 688 4947 illis
701 4885 779 4950 inira
793 4894 855 4952 tres
911 4903 1004 4965 quam
1018 4882 1131 4963 poterit
1143 4899 1200 4963 per
1214 4881 1391 4943 collatorem
1405 4877 1582 4942 inferiorem
1597 4893 1671 4938 con·

93 4987 220 5032 menses
247 4970 380 5034 necdum
411 4993 427 5033 e
452 4978 611 5055 provisum
637 4979 772 5042 inerit.»
798 4982 856 5046 Ubi
910 4978 994 5042 terri.
1010 4975 1200 5056 Responderi
1214 4973 1337 5054 poterit,
1348 4973 1529 5036 uansmisso
1539 4973 1672 5032 Antece-

92 5059 331 5139 ponderandum
354 5069 400 5126 est
420 5063 466 5145 ly,
494 5067 747 5134 «Provisum»
772 5091 856 5152 nam,
910 5074 1015 5146 dente,
1026 5069 1169 5152 negando
1179 5067 1442 5147 consequentiam,
1451 5071 1483 5128 et
1495 5064 1670 5144 paritatem.

92 5151 180 5232 quod
194 5152 308 5231 injure
326 5157 449 5220 uverba
463 5177 535 5221 cum
548 5160 659 5225 effecto
677 5166 858 5246 accipienda
911 5165 988 5237 Ouia
1001 5163 1151 5225 beneficia
1174 5161 1316 5222 vacantis
1336 5157 1369 5219 in
1392 5175 1498 5218 mense
1516 5156 1672 5236 pontificio

92 5245 169 5317 sint,
185 5265 200 5305 a
218 5249 320 5310 textus
334 5253 382 5311 est
396 5267 561 5334 expressus
574 5255 605 5316 iu
620 5276 646 5319 c.
664 5257 810 5323 Relatum
826 5266 856 5324 A.
907 5261 997 5341 juxta
1010 5255 1194 5320 concordata
1217 5253 1400 5330 Germuuie,
1425 5255 1498 5314 sunt
1515 5258 1672 5313 reservata

91 5339 132 5402 de
146 5338 252 5403 Clario.
267 5341 473 5408 nonren'deot.
496 5348 612 5427 junctis
631 5353 858 5418 concordandis
911 5353 1061 5415 duntaxat
1073 5349 1114 5411 ed
1127 5355 1246 5412 certum
1259 5356 1393 5426 tempus,
1408 5344 1552 5408 videlicet
1563 5345 1604 5406 ad
1618 5345 1672 5407 tri·

92 5451 114 5494 a
129 5431 240 5494 Glosea
253 5431 326 5496 ibid.
343 5437 374 5512 i.
390 5433 466 5500 Cum
479 5439 595 5521 effrem
609 5441 724 5508 relatis,
911 5451 1026 5508 mestre
1036 5462 1046 5506 r
1057 5442 1257 5524 posteaeuim
1263 5441 1391 5503 concedi
1400 5439 1522 5503 videtur
1528 5455 1675 5520 expressa
