4016 6056
195 335 321 416 §xva
343 333 568 399 salmurus
588 334 706 398 VAerl
726 332 843 400 DUBlA
863 335 974 400 cuca
988 335 1168 402 ‚esculus
1187 331 1473 411 cancamum,
1495 329 1579 393 nuc.
1614 327 1673 390 ctu

100 467 151 531 cit.
168 467 268 532 Gloss.
286 471 334 543 ll,
349 487 381 529 ιι.
399 471 447 544 ld,
464 472 511 531 Π.
528 470 560 531 et
573 485 660 548 seqq.
676 467 861 549 ubilongius
914 483 985 530 curn
999 468 1140 550 quolibet
1158 467 1298 531 interiori
1318 463 1473 530 ordinario
1486 465 1672 544 potestatem

100 561 257 624 examinat
273 562 476 640 questionem
490 561 591 638 illam,
604 567 708 623 utrum
722 579 760 623 ex
774 561 861 642 galli·
913 561 1093 627 conferendi
1116 562 1248 646 quilibet
1266 559 1438 639 beneficia)
1461 555 1615 622 concurrit
1639 552 1673 614 in

99 654 179 715 cinio
201 657 285 717 recte
312 655 469 735 probetur,
493 655 631 716 mediam
644 658 768 718 noctem
792 674 860 720 esse
913 655 1076 722 conatione
1099 654 1242 718 beneficii
1256 671 1328 715 cum
1342 649 1489 726 interiori,
1504 665 1541 710 ac
1554 645 1673 708 dubita·

100 749 237 828 elapsam
251 750 356 828 (prout
368 749 466 812 tenuit
487 749 566 810 itote
580 749 689 810 inune
702 752 859 816 aversans
912 755 974 825 tur,
985 749 1055 828 quis
1068 766 1176 812 eorum
1190 747 1277 829 prius
1290 745 1463 812 contulerit.
1475 745 1563 806 Tunc
1577 738 1671 812 euim,
1795 765 1802 781 r

99 841 295 920 parochialis,
319 844 356 905 12
369 841 470 904 martii
486 845 573 906 itti.
595 860 700 904 coram
713 843 859 927 Oradino)
912 842 986 924 quia
999 849 1121 908 constat
1133 844 1173 906 de
1185 845 1340 926 potestate
1354 837 1510 904 ordinaris
1522 837 1615 916 Papae
1629 832 1674 896 sic

98 951 213 1012 neene;
230 953 302 997 curn
315 935 389 1017 galli
403 936 495 998 etiam
516 936 719 1018 ingrediente,
730 937 859 1018 ipsaque
912 933 1110 1015 conferendi,
1139 957 1177 1002 ac
1203 938 1345 1001 remanet
1370 933 1521 998 duntaxat
1543 927 1672 993 dubium

98 1028 316 1104 medisnocte,
329 1030 493 1092 seriasuut
507 1030 675 1110 citius,pro
684 1030 860 1095 diversitate
912 1031 1000 1110 iacti,
1025 1050 1082 1094 seu
1103 1032 1172 1112 quis
1191 1031 1277 1114 prius
1299 1028 1461 1094 contulerit
1486 1022 1673 1088 tusscorum

98 1121 279 1202 regionum,
296 1139 333 1183 ae
346 1124 512 1204 temporis,
533 1127 659 1188 mutere
681 1125 857 1202 audiantur,
913 1141 1050 1188 venene:
1073 1125 1157 1186 nullo
1179 1125 1283 1188 adhuc
1303 1123 1336 1186 in
1365 1119 1560 1204 possessione
1583 1115 1672 1180 istius

99 1217 155 1278 etsi
169 1234 190 1278 a
203 1216 308 1280 medie
321 1223 411 1280 nocte
425 1217 456 1280 in
470 1217 554 1282 diem
564 1227 711 1301 vergente
718 1219 860 1302 frequen·
913 1217 1075 1295 existente,
1090 1218 1203 1282 merito
1217 1217 1410 1299 preferenda
1423 1215 1536 1280 dicitur
1548 1209 1671 1280 collatio
1740 1223 1771 1296 ·,

98 1307 159 1370 tius
181 1315 308 1372 cantare
322 1311 441 1375 soleant
457 1332 465 1374 :
482 1317 513 1377 et
526 1315 651 1376 tandem
666 1334 698 1376 n.
715 1317 764 1377 25.
781 1315 860 1377 arbi·
911 1311 1003 1392 Papa
1030 1317 1157 1395 propter
1185 1329 1274 1374 suem
1294 1310 1477 1391 ampliorem
1495 1303 1673 1390 prerogati-

97 1401 283 1482 triojudiuis
304 1404 543 1487 relinquendum
566 1415 688 1486 censet,
708 1415 859 1490 qusniam
912 1421 994 1480 vam,
1017 1421 1090 1466 cum
1111 1404 1151 1466 sit
1173 1403 1347 1468 ordinarias
1370 1401 1608 1466 ordinariorum.
1633 1399 1674 1460 At

97 1491 170 1557 huie
193 1494 366 1575 gallicinio,
391 1500 529 1580 maestis
551 1501 800 1578 circumstantiis,
821 1517 859 1563 ae
911 1514 985 1560 rero
998 1497 1031 1559 in
1045 1499 1189 1578 presenti
1203 1516 1277 1561 casu
1291 1497 1497 1560 sermoestde
1511 1493 1671 1558 collatione

97 1585 223 1647 testium
238 1587 421 1664 rationibus,
440 1591 572 1670 aliisque
588 1589 859 1655 uerisimilitudini-
912 1593 1004 1673 Paper
1018 1592 1111 1670 iacta,
1122 1593 1172 1658 vel
1180 1591 1320 1656 iacienda
1329 1591 1479 1654 duntaxat
1488 1589 1558 1670 jure
1572 1603 1673 1650 reser-

97 1675 156 1738 bus
170 1675 373 1742 deferendum
387 1681 444 1742 sit:
461 1686 554 1763 prout
566 1681 598 1744 in
613 1683 706 1746 simili
727 1683 859 1748 hahetur
912 1685 1058 1763 rationis,
1072 1705 1166 1768 quarn
1187 1703 1297 1750 revera
1318 1684 1368 1746 hio
1388 1681 1573 1746 intervenire
1585 1678 1673 1742 dubi·

95 1766 859 1860 1.a.§lumupu.n.uteTeret.,ete.1nproesee-
912 1787 995 1845 tatur
1010 1801 1018 1842 ι
1035 1781 1119 1844 ande
1133 1784 1234 1845 sterne
1247 1781 1301 1844 tuli
1315 1778 1425 1857 dubio,
1441 1795 1478 1841 ac
1491 1774 1550 1839 nisi
1563 1773 1673 1854 prubc·
1768 1799 1773 1816 ·

97 1863 147 1924 teir.
163 1866 194 1926 6.
210 1864 248 1928 de
262 1865 430 1931 Rmssuut.
912 1879 963 1937 tur
975 1873 1089 1937 veritas
1110 1872 1340 1948 reservationis,
1356 1873 1440 1953 l’spn
1459 1887 1524 1932 non
1541 1865 1673 1930 intendit

134 1959 206 2021 500.
229 1959 269 2023 St
287 1961 418 2025 omnibus
436 1963 550 2044 feretro
571 1965 686 2027 tentetis
699 1983 756 2027 nou
768 1983 859 2048 oppa·
912 1966 1098 2032 beneficium
1110 1983 1225 2032 vacam
1237 1965 1396 2040 conferrer
1412 1963 1470 2028 sed
1486 1961 1615 2026 colletor
1627 1959 1673 2020 in·

95 2059 151 2128 ret,
167 2069 207 2113 sn
222 2051 421 2136 beneficiatus
434 2055 537 2119 obtett
548 2057 580 2120 ie
593 2075 687 2121 mense
697 2059 857 2142 pontificio,
911 2061 1006 2124 ferior
1024 2068 1164 2124 remanet
1185 2063 1217 2123 in
1239 2061 1435 2143 possessione
1458 2056 1538 2139 juris
1569 2053 1674 2116 conlc-

97 2145 143 2207 uel
153 2146 325 2225 ιιιέἰιιιιιό,
341 2158 409 2212 tunc
427 2152 582 2213 eminete
594 2154 766 2234 persecutus
779 2152 860 2214 deue-
911 2153 1019 2232 rendi3
1037 2173 1108 2217 curn
1122 2161 1266 2238 respectu
1283 2155 1376 2236 hujus
1397 2152 1512 2214 habeat
1531 2146 1673 2212 intentio·
1794 2211 1796 2218 .

94 2237 160 2320 ficii
185 2241 333 2322 emittente,
360 2243 593 2325 promerendum
619 2259 661 2306 est
679 2263 735 2327 pru
760 2245 860 2326 lavore
913 2267 987 2312 nem
1007 2249 1170 2315 fundatam
1192 2249 1312 2331 injure
1335 2245 1502 2310 communi.
1533 2243 1671 2323 daretur,

95 2332 243 2395 coluter-is
256 2335 411 2401 meinent.
423 2366 463 2386 ·-
476 2339 568 2420 Resp.
584 2338 634 2400 Ν.
650 2337 779 2410 Quando
793 2337 860 2401 istis
913 2343 966 2407 ubi
988 2361 1094 2425 supra,
1107 2362 1140 2408 n.
1156 2348 1235 2420 5333
1257 2345 1364 2407 Castro
1384 2341 1490 2421 Palae,
1509 2338 1540 2402 d.
1556 2339 1575 2420 §
1593 2341 1671 2416 2,11.

95 2425 241 2489 omnibus
253 2427 367 2492 trustra
381 2431 506 2494 tentatis
520 2431 588 2510 (seu
602 2431 675 2512 qais
695 2431 861 2494 beneficia·
913 2442 932 2503 3
945 2439 977 2502 st
990 2443 1020 2503 6.

93 2517 159 2578 rias
172 2519 282 2582 alume
296 2525 387 2585 nocte
400 2524 518 2588 mensis
531 2523 607 2587 obiit
624 2524 781 2605 insperato
797 2543 806 2586 ι
821 2543 859 2588 ac
951 2535 1021 2596 502.
1044 2529 1159 2598 leurdo
1172 2531 1291 2614 [ονιίονί
1297 2528 1445 2618 procedit,
1460 2525 1576 2611 qnando
1588 2523 1674 2589 eodu-

92 2613 221 2677 nemine
243 2618 411 2699 presente)
433 2619 565 2681 dubium
584 2617 687 2682 adhuc
705 2627 857 2697 remanet,
911 2635 958 2688 tor
974 2625 1141 2688 ordinaries
1154 2625 1224 2708 jum
1243 2623 1364 2686 contulit
1384 2621 1550 2704 beneficium
1569 2637 1674 2682 ocem
1725 2683 1729 2690 .

93 2710 202 2770 unum
223 2716 312 2786 ente,
327 2711 377 2774 vel
399 2711 626 2792 postmodium
640 2719 764 2775 noctem
776 2713 859 2776 illius
911 2720 1054 2803 lupusque
1078 2720 1277 2803 pennensem
1298 2717 1431 2801 pondus
1449 2713 1609 2797 nequeumt
1633 2745 1675 2764 ···

92 2801 196 2864 ultimi
219 2804 279 2867 diei
301 2807 432 2884 mensis,
448 2806 556 2887 sicque
569 2806 602 2867 in
615 2823 724 2868 mense
738 2807 859 2886 pontifi·
912 2814 1043 2878 Additur
1056 2820 1161 2877 tamen
1173 2813 1207 2874 in
1220 2813 1293 2876 dats
1313 2831 1345 2874 11.
1370 2813 1440 2874 500.
1462 2805 1671 2883 conclusione,

91 2893 161 2973 eiu,
190 2896 241 2958 vel
280 2899 436 2962 ordinario
470 2900 606 2962 obierit:
632 2903 708 2963 tnnc
733 2901 858 2964 nemine
915 2929 932 2970 a
958 2909 1082 2971 nemine
1110 2907 1211 2971 adhuc
1242 2909 1272 2968 in
1305 2903 1501 2987 possessione
1531 2897 1672 2962 mneflcii

90 2987 198 3050 adhuc
219 2989 252 3052 in
270 2995 465 3074 possessione
479 2993 624 3058 beneficii
637 2995 789 3057 existente
800 3011 857 3074 pro
911 3005 1073 3068 existento.
1088 3005 1166 3066 Num
1179 3000 1340 3083 imprimis,
1357 2999 1382 3062 si
1395 2999 1428 3061 in
1442 3014 1516 3060 casu
1536 2993 1673 3076 predicti

90 3101 202 3146 mense
216 3087 393 3169 episcopali,
405 3097 498 3171 atque
512 3109 569 3172 pro
583 3092 690 3153 favore
702 3091 856 3154 codatoris
910 3097 996 3160 dubii
1019 3097 1147 3162 collator
1169 3098 1364 3171 ordinarius,
1391 3113 1449 3178 per
1470 3092 1672 3156 trradumenta

90 3177 240 3240 ordinarii
253 3184 507 3260 presumendum
519 3185 651 3249 videtur.
663 3187 707 3249 lta
717 3185 856 3262 (turcius,
909 3190 1170 3272 proximemus,
1183 3191 1250 3274 jam
1263 3188 1394 3254 contulit
1404 3186 1537 3269 cuipiam
1554 3183 1673 3248 bened·

88 3271 152 3334 loc.
168 3273 221 3334 cit.
235 3293 268 3338 n.
284 3277 362 3354 5283
384 3279 491 3343 Castro
511 3281 604 3344 Palae
623 3280 654 3344 d.
675 3286 764 3344 tract.
778 3281 854 3356 xm,
909 3283 991 3346 cium
1005 3285 1108 3348 taliter
1119 3301 1245 3364 vacans,
1269 3291 1363 3364 etque
1384 3280 1525 3364 provisus
1547 3293 1670 3361 posses·

88 3371 187 3447 punct
201 3371 250 3444 22,
264 3372 325 3452 52,
340 3391 373 3436 ιι.
389 3375 552 3458 331ingel,
568 3375 599 3438 h.
616 3382 652 3452 t.,
667 3394 700 3438 ιι.
715 3377 765 3438 26.
781 3373 852 3436 eod.
910 3379 1029 3442 sionem
1042 3379 1124 3441 illius
1138 3377 1317 3460 acquisivitt
1334 3382 1442 3440 tanea
1462 3374 1578 3437 ferdoni
1600 3387 1671 3454 prc-

88 3479 121 3525 n.
144 3465 216 3525 354.
240 3465 330 3553 ΒιιίοΙ
347 3475 406 3547 est,
431 3469 503 3550 qnia
526 3471 689 3552 episcopus
703 3469 799 3531 habet
811 3467 857 3529 in·
909 3473 990 3538 cedit
1004 3475 1115 3537 eadem
1128 3471 1299 3549 conclusio,
1309 3473 1398 3554 iuxta
1407 3469 1567 3550 vulgatam
1577 3466 1670 3530 illud:

89 3555 263 3618 tentionem
284 3558 445 3623 fundatam
466 3563 498 3623 in
517 3563 607 3642 jure,
629 3562 711 3642 quod
733 3561 855 3624 collatio
912 3569 976 3630 clu
988 3566 1084 3630 dubio
1097 3567 1207 3630 melior
1220 3571 1267 3629 est
1283 3563 1419 3628 conditio
1438 3559 1665 3644 possidentia»

88 3648 535 3723 omniambeneticiorumsuae
545 3655 739 3718 dioecesisad
751 3653 854 3735 ipsum
907 3681 935 3726 ο,
952 3663 990 3724 1η
1001 3661 1081 3745 pas-i,
1095 3663 1146 3726 et,
1162 3659 1198 3724 de
1210 3659 1283 3746 Rep.
1292 3659 1361 3744 jur.
1377 3658 1409 3720 in
1422 3661 1453 3722 6.
1465 3671 1670 3720 cumconuor·

86 3747 226 3826 spectet,
250 3763 278 3807 c.
293 3745 348 3810 Ee
369 3747 579 3832 [sequentihus.
595 3753 624 3813 3.
642 3749 678 3812 de
696 3749 855 3812 Institutio·
907 3757 1030 3822 (tentiis.
1399 3775 1403 3786 ·

85 3836 149 3898 eit.
163 3843 492 3923 cumconoordantiis3
508 3845 567 3905 nisi
581 3845 753 3926 probentur
766 3859 855 3924 spec·
947 3853 1017 3914 503.
1040 3849 1177 3934 SiPupc
1194 3849 1280 3932 prius
1301 3845 1422 3910 mute
1444 3842 1620 3928 ὸιιιβιιὶιιιι,
1642 3851 1672 3905 et

85 3936 156 3992 tare
170 3932 211 3993 ad
225 3932 421 3997 colletionem
442 3935 579 4014 elterirn,
595 3943 681 4018 puta,
698 3937 771 4017 quis
784 3953 855 4017 pro·
906 3946 1039 4028 ρνιιίιιι
1058 3944 1090 4005 ie
1111 3943 1200 4026 iujos
1219 3941 1418 4024 pmsesdonea
1440 3938 1577 4001 inductus
1594 3935 1666 4018 fidis

85 4023 205 4090 bantur
227 4045 296 4090 esse
318 4039 475 4093 reservata
491 4050 499 4093 :
515 4031 601 4112 atqui
616 4035 716 4096 stante
730 4031 783 4094 illo
797 4029 854 4092 du·
907 4037 1041 4100 sodames
1051 4036 1201 4099 oretanis
1211 4041 1310 4117 posteo
1322 4033 1451 4116 primum
1473 4031 1505 4093 td
1520 4037 1668 4114 prestare·

84 4117 152 4196 bio,
169 4137 233 4180 non
253 4127 375 4184 constat
396 4124 436 4186 de
449 4126 670 4189 reservatione.
686 4127 766 4187 Tum
780 4127 853 4206 qnia
908 4139 945 4210 te,
961 4132 1104 4194 vetantes
1116 4129 1251 4204 docum,
1266 4126 1315 4188 eui
1336 4123 1502 4206 beneficium
1520 4123 1560 4184 rit
1576 4121 1665 4202 odju-

84 4214 270 4290 reservctio‚
284 4216 377 4280 velati
392 4219 599 4301 prejudicans
614 4219 776 4282 ordinarie
791 4220 853 4282 ccl·
906 4225 1073 4290 dnundrrm.
1087 4223 1192 4287 Primo
1205 4218 1344 4285 menno
1356 4226 1414 4281 stet
1426 4235 1481 4300 pru
1497 4233 1665 4300 pensem,

85 4305 208 4383 Ιιιίοιιί,
233 4313 265 4372 et
283 4309 507 4390 jurisdictioni.
530 4317 578 4376 est
600 4315 705 4376 odiose
715 4333 725 4390 ;
747 4315 852 4395 sicque
905 4325 935 4381 et
947 4327 1048 4382 contro
1061 4327 1196 4381 cetorern.
1208 4349 1248 4366 -
1257 4315 1345 4388 (arod
1357 4315 1384 4376 si
1397 4329 1469 4375 vero
1483 4313 1566 4392 Papa
1580 4309 1666 4391 prius

84 4401 317 4484 restringenda,
328 4405 418 4485 juxis
431 4407 511 4470 dicta
526 4427 557 4470 n.
573 4409 642 4472 388.
658 4415 689 4471 et
702 4412 770 4475 389.
906 4412 1035 4474 contulit
1047 4410 1200 4492 ejusmodi
1213 4407 1411 4480 beneficium,
1424 4423 1463 4469 ao
1480 4403 1620 4485 provisas
1633 4401 1665 4463 in

127 4499 198 4559 501.
231 4497 432 4581 Respondemr
458 4499 498 4562 cd
520 4501 648 4583 juretis
674 4504 852 4567 contrarium
905 4507 999 4586 hujus
1012 4505 1240 4586 possessionem
1251 4501 1472 4584 iamindnctus
1485 4497 1553 4574 ruis
1572 4497 1666 4559 ⁰⁰³³·

84 4591 225 4673 stipato.
241 4591 358 4656 -Nec
373 4595 474 4660 obstat
488 4602 588 4660 textus
601 4599 633 4659 in
648 4617 676 4660 c.
692 4597 761 4672 Sic
779 4597 853 4664 Sede
905 4606 973 4666 tore
988 4598 1142 4663 ordinario
1156 4605 1265 4679 postea
1277 4597 1413 4678 primum
1425 4593 1458 4656 id
1478 4595 1663 4674 prestante3

84 4689 135 4760 st,
161 4685 194 4747 h.
220 4691 241 4748 t.
264 4687 296 4747 in
316 4689 347 4751 6.
371 4689 424 4752 ubi
448 4691 480 4753 in
501 4693 612 4774 dubio,
633 4713 674 4757 sn
692 4695 787 4778 Papa,
803 4696 852 4759 vel
905 4711 1019 4774 magna
1045 4693 1129 4754 inter
1152 4691 1294 4753 doctores
1321 4685 1528 4749 controversie
1551 4683 1663 4760 existit,

84 4779 219 4842 cudetur
236 4781 410 4846 ordinarius
425 4787 509 4865 prins
525 4789 687 4852 contulerit
699 4789 783 4851 idem
796 4789 852 4853 hc·
904 4787 954 4852 eui
967 4786 1161 4868 provisorum
1173 4787 1258 4847 mota
1272 4783 1407 4862 desuper
1419 4778 1473 4843 lite
1481 4777 1665 4841 beneficium

83 4871 247 4950 aeficium,
271 4875 356 4955 quod
378 4883 508 4960 uterque
530 4879 641 4944 eodem
661 4881 723 4958 dic,
738 4881 794 4944 scd
807 4881 851 4945 di·
904 4885 944 4947 sit
957 4881 1210 4964 adjudicandum,
1222 4884 1316 4958 atque
1330 4877 1463 4938 isinsua
1472 4869 1668 4954 possessione

85 4967 186 5033 v'ersis
212 4971 352 5050 personis
373 4974 517 5052 contulit,
534 4977 646 5042 dicitur
658 4973 852 5058 praeiereuda
903 4975 1175 5041 manutenendust
1189 4975 1228 5038 llt
1248 4971 1374 5054 quidem
1392 4969 1495 5050 prinu
1514 4960 1666 5026 uenienti&

84 5063 212 5127 collatio
233 5067 345 5150 Papae3
365 5068 463 5151 idque
491 5091 506 5131 u
519 5078 646 5154 propter
665 5071 851 5135 conterentis
905 5071 1024 5147 asserit,
1038 5071 1071 5132 in
1084 5069 1137 5132 tali
1153 5085 1228 5132 casu
1241 5079 1454 5148 possessorem
1468 5073 1592 5137 sempor
1604 5055 1667 5116 vit·

84 5157 272 5239 ampliorem
284 5166 539 5246 prerogativam.
554 5187 570 5226 u
588 5169 642 5233 cui
656 5166 756 5229 simile
777 5163 851 5247 qnid
905 5173 1023 5244 turum,
1036 5167 1068 5227 et
1081 5169 1218 5227 actorem
1232 5158 1474 5230 succubitnrnm,
1490 5153 1554 5214 sive
1567 5149 1593 5210 is
1602 5147 1668 5210 lne-

84 5253 224 5318 habetur
244 5257 279 5318 in
300 5258 395 5325 Clem.
418 5265 448 5326 t.
472 5261 631 5342 §Neutra
652 5265 692 5330 Ut
712 5267 762 5328 tice
777 5285 851 5349 pm.
904 5255 944 5323 rit
956 5258 1099 5340 provisus
1113 5277 1132 5321 a
1145 5259 1241 5338 Papa,
1257 5255 1323 5317 sive
1335 5251 1380 5315 ab
1390 5245 1558 5311 ordinario.
1578 5242 1668 5304 Ratio

84 5348 182 5429 deute,
198 5356 257 5414 eto.
273 5353 367 5435 Resp.
383 5357 484 5433 enim,
499 5359 607 5422 isthac
624 5359 697 5441 jure
719 5360 804 5442 loqui
818 5363 851 5425 in
904 5354 997 5435 hujus
1011 5350 1172 5414 sententie
1185 5355 1242 5426 est,
1259 5344 1376 5428 qniain
1390 5340 1486 5403 dubio
1499 5335 1670 5440 meliorest

85 5443 212 5506 diverso
239 5463 325 5524 casu,
347 5447 493 5514 videlicet
519 5455 643 5534 quando
671 5454 754 5536 Paps
777 5455 850 5538 jure
905 5447 1039 5512 conditio
1052 5443 1250 5528 possidentis,
1263 5440 1354 5519 iuxta
1367 5453 1433 5515 reg.
1450 5430 1577 5509 odiar.
1594 5429 1668 5490 1116.

86 5537 327 5622 ordinarioiscu
340 5549 492 5624 qnatenus
507 5543 601 5610 habet
614 5549 851 5612 concurrentem
905 5539 1064 5622 Simulque
1077 5543 1180 5602 actore
1193 5549 1257 5598 non
1278 5530 1431 5614 probante
1453 5539 1527 5589 reus
1548 5527 1595 5586 est
1616 5520 1669 5584 au
