4008 6074
307 297 406 378 §tit
429 301 479 362 DE
499 297 732 362 sussultans
753 297 1070 362 APPELLATIONUM
1094 315 1100 356 :
1124 299 1174 361 AG
1195 295 1431 366 PRAESERT1M‚
1453 293 1536 353 ure.
1653 287 1711 350 339

124 433 156 492 in
172 431 266 492 simili
281 449 309 492 c.
324 431 427 493 Dolor.
448 435 478 494 5.
500 439 530 492 et
553 449 581 493 c.
609 431 736 494 Causam
760 447 825 512 qua
846 431 892 492 ιιι-
946 449 978 494 n.
995 433 1063 492 226.
1086 429 1198 492 allatu.
1217 428 1296 489 Nam
1319 426 1469 506 imprimis
1491 425 1711 506 argumentum

124 533 179 586 ter.
202 529 233 586 ’1.
261 524 320 600 Qut
339 525 399 606 fito·
419 526 479 587 erat
502 525 621 607 bpitim
649 525 705 590 Ubi
729 525 753 583 si
777 523 893 586 incidat
946 541 1064 586 asensu
1074 517 1589 601 corbariononproosdit,quando
1600 514 1710 577 exinde
1812 585 1817 606 w

123 619 255 696 questio
271 619 449 700 spiritualis,
464 637 494 681 ι.
510 638 541 700 g.
559 619 771 698 supervolare
787 618 893 680 matri·
946 616 1076 680 resultat
1085 615 1203 695 jurium
1219 614 1382 688 correcti03
1400 618 1492 696 prout
1505 610 1632 672 uberius
1646 608 1711 670 dic-

122 711 232 790 monii,
248 729 287 772 ec
299 711 469 792 legitimate
484 713 589 792 prolis.
608 713 667 773 bec
685 713 725 773 ad
741 711 893 790 judicium
945 713 1014 772 tum
1028 715 1075 770 est
1088 727 1182 788 supra
1195 708 1248 770 lib.
1264 710 1287 770 Ι.
1308 707 1354 768 ιιι.
1375 709 1412 769 ll.
1437 705 1472 767 de
1492 701 1711 767 Constitution-

122 804 271 866 Ecclesiae
282 805 425 876 remissa,
439 805 563 866 interim
577 804 709 883 quiescit
721 821 816 864 causa
837 821 893 881 pe-
947 801 1008 864 bus.
1033 802 1051 881 ἓ
1072 805 1120 864 ιιι.
1145 820 1177 862 n.
1201 803 1271 864 406.
1288 806 1318 860 ιι
1331 802 1400 862 408.
1424 797 1506 860 Talis
1524 804 1629 858 autem
1643 812 1711 855 cor-

123 895 240 958 titionis
253 897 444 959 hereditatis
459 915 562 958 eorem
575 898 679 976 jndice
693 896 833 958 seculari
848 897 894 956 in·
947 895 1042 958 rectio
1048 897 1177 976 jurium,
1186 899 1262 977 pute
1275 896 1315 956 de
1330 892 1519 959 continentia
1531 907 1634 953 causae
1648 905 1711 950 non

122 979 265 1052 teuteria:
281 992 355 1070 quie
370 991 517 1052 nimirum
540 993 613 1054 beo·
630 992 698 1052 sin'e
718 991 769 1052 illa
792 989 892 1052 decidi
946 988 1132 1062 dividenda,
1157 989 1312 1052 accideret
1330 989 1419 1068 juxto
1436 985 1621 1048 contrariam
1639 999 1716 1042 sene

121 1103 189 1144 nou
202 1087 315 1164 potest.
332 1084 529 1146 Concordent
541 1085 621 1146 dicta
636 1083 777 1164 superins
791 1083 836 1144 tit.
852 1083 889 1144 lt.
947 1083 1084 1144 tentiam.
1110 1083 1227 1144 Deinde
1247 1083 1279 1142 in
1303 1083 1361 1143 isto
1385 1099 1460 1143 casu
1481 1097 1543 1140 non
1557 1078 1639 1151 duce,
1655 1074 1711 1138 sed

121 1173 162 1234 dc
180 1173 287 1236 Ordine
308 1175 513 1256 capritanum,
538 1195 570 1236 ιι.
598 1177 647 1237 te.
672 1179 704 1236 et
726 1193 757 1236 n.
782 1177 833 1238 30.
855 1191 893 1235 ec
945 1191 1008 1234 una
1032 1175 1182 1236 duntaxat
1202 1191 1307 1248 cause,
1333 1175 1441 1236 sellem
1462 1169 1651 1252 principalis,
1667 1167 1711 1229 lo-

121 1285 211 1346 seqq.
302 1313 314 1343 ,
947 1271 1008 1337 ret;
1044 1266 1188 1344 quamvis
1218 1266 1290 1327 huic
1321 1266 1491 1326 accessoria
1523 1261 1711 1340 adjungetur

166 1364 234 1422 ms.
256 1361 343 1424 Alios
357 1360 390 1422 id
407 1361 477 1443 fieri
495 1381 586 1444 prosc,
608 1371 719 1426 ιιιιιιιιι
738 1363 893 1440 ιιιιιιιι;
946 1360 1042 1420 ιιιιιι
1064 1361 1226 1422 incidens:
1252 1359 1336 1421 unde
1360 1361 1494 1438 negetur
1516 1359 1710 1433 assumptum

122 1454 270 1516 celorum
281 1454 518 1535 fundamentum.
534 1458 601 1518 Non
616 1477 688 1520 vero
707 1458 824 1537 pariter
838 1477 893 1538 ep-
946 1451 1197 1515 confirmationis.
1229 1505 1234 1514 .
1276 1479 1282 1492 ·

122 1548 252 1626 pollutio
269 1549 564 1628 nbinterloculoriu,
589 1550 637 1611 vel
660 1551 790 1614 artionlo
815 1569 892 1629 quo·
985 1547 1054 1608 228.
1076 1545 1383 1628 luderequonequit
1396 1561 1530 1606 reuocare
1542 1539 1711 1603 sententiam

122 1643 200 1702 dam
215 1641 383 1711 incidente,
399 1643 465 1704 sine
481 1651 657 1724 quotamen
671 1663 765 1706 causa
778 1645 894 1725 prinoi-
946 1636 1135 1721 diffinitivam
1150 1641 1244 1702 valde
1257 1639 1415 1722 prolatam·
1435 1672 1474 1685 -
1492 1637 1645 1709 Quaeriiur
1657 1635 1707 1696 IV·

123 1734 207 1810 pelis
229 1735 389 1796 terminari
412 1743 524 1816 potest,
553 1739 725 1818 suspendat
749 1739 892 1820 jurisdic·
946 1732 1053 1795 Utrum
1068 1740 1137 1814 post
1146 1731 1359 1814 interpositam
1368 1732 1607 1814 appellationem
1612 1729 1710 1809 judex

123 1827 244 1888 tionem
268 1827 382 1904 judicis
413 1849 432 1889 o
464 1849 522 1912 quo
554 1833 586 1893 in
620 1837 736 1910 lotum,
772 1833 894 1895 varient
945 1845 1034 1908 aquo
1048 1829 1144 1908 possit
1157 1847 1303 1890 revocare
1314 1828 1580 1890 sententiamase
1594 1824 1710 1886 latamt

122 1921 279 1981 doctores.
296 1921 397 2002 Negat
408 1922 530 1984 Zresius
552 1925 583 1986 ιι.
608 1931 630 1986 ι.
653 1943 685 1986 n.
711 1929 761 1987 Yl.
783 1930 820 1987 et
843 1927 893 1985 Pi·
946 1921 1039 2001 Resp.
1055 1921 1274 2001 distinguendo
1289 1921 1370 1982 inter
1389 1921 1574 1983 sententiam
1597 1919 1711 1979 diffini-

123 2013 233 2092 rhing,
248 2033 282 2075 n.
299 2019 366 2078 tte.
398 2017 430 2076 id
454 2017 623 2096 probantes
650 2037 688 2080 ex
715 2019 766 2080 cit.
797 2019 894 2098 Super
947 2011 1710 2092 livam,etinterlocutoriam.litqnidemloquendo

122 2125 166 2169 eo.
185 2110 235 2169 ιο.
251 2108 282 2167 h.
298 2114 321 2169 t.
339 2109 538 2171 ubidicitur:
567 2131 583 2168 o
604 2111 643 2173 st
666 2111 691 2171 si
714 2111 893 2192 principalis
945 2105 985 2165 dc
1000 2105 1153 2167 sententie
1172 2102 1343 2179 diffinitiva,
1355 2105 1543 2168 conveniunt
1556 2104 1709 2180 doctores,

122 2221 221 2263 causo
231 2202 358 2264 sineilta
368 2204 526 2264 terminari
537 2223 601 2265 non
611 2205 733 2285 poterit,
745 2206 773 2268 oi
783 2205 893 2265 alhdo-
945 2197 1029 2274 quod
1044 2215 1113 2258 eam
1128 2198 1225 2260 semel
1239 2198 1339 2260 valide
1354 2198 1505 2278 prolatam
1519 2196 1614 2276 judex
1628 2215 1712 2278 aquo

123 2296 230 2355 minus
242 2295 500 2374 supersedeatur:
518 2319 532 2356 ιι
555 2317 641 2380 ergo,
666 2301 850 2379 argumento
872 2315 892 2360 a
945 2307 1090 2352 revocare
1105 2299 1264 2370 nequeat:
1284 2293 1439 2370 siquidem
1457 2290 1609 2351 sententia
1633 2289 1713 2351 diffi-

123 2405 222 2448 sensu
236 2388 391 2449 contrario
409 2388 575 2470 desumpto
595 2390 761 2472 (inquiunt)
781 2393 805 2454 si
824 2393 891 2452 stuc
945 2383 1040 2444 nitiva
1062 2384 1194 2463 imponit
1210 2385 1305 2446 finem
1323 2384 1558 2457 controversioe;
1581 2389 1613 2444 ut
1626 2386 1713 2464 petet

123 2482 175 2541 illa
191 2499 286 2544 causa
300 2481 466 2560 incidente,
482 2503 512 2546 ι.
529 2503 559 2564 g.
577 2485 756 2564 exceptione
774 2483 890 2564 alique,
945 2497 983 2540 ex
1010 2480 1189 2542 definitione
1217 2481 1330 2560 ipsius;
1355 2497 1391 2541 ec
1411 2479 1541 2558 proinde
1563 2496 1601 2538 ιι
1614 2477 1711 2538 semel

123 2596 141 2636 a
163 2595 230 2655 qua
253 2576 442 2656 appellatum
463 2580 572 2654 extitit,
597 2587 698 2658 potest
720 2579 889 2656 terminari,
946 2567 1045 2630 valide
1068 2569 1152 2646 late,
1174 2572 1287 2633 desiuit
1310 2571 1379 2650 quis
1402 2587 1470 2632 esse
1488 2569 1585 2650 judex
1606 2571 1638 2629 in
1659 2569 1712 2630 lali

123 2685 181 2752 seu
195 2668 297 2730 decidi
313 2687 407 2730 causa
421 2671 609 2751 principalis,
621 2691 684 2733 non
695 2676 742 2733 est
751 2689 890 2746 necesso,
946 2681 1050 2725 cause.
1077 2685 1091 2721 o
1114 2665 1217 2727 Semel
1240 2665 1323 2726 enim
1345 2666 1409 2726 sive
1430 2663 1523 2740 male,
1540 2665 1603 2725 sive
1618 2664 1710 2740 bene,

122 2767 158 2825 ut
185 2780 242 2842 per
262 2764 399 2842 judicem
422 2784 441 2825 o
464 2783 521 2846 quo
543 2764 615 2826 huic
638 2765 889 2845 supersedeatur.
947 2757 1045 2820 officio
1060 2758 1184 2822 functus
1199 2767 1286 2838 est,n
1307 2762 1402 2840 prout
1420 2759 1530 2820 dicitur
1551 2757 1573 2819 l.
1598 2757 1709 2821 tuder.

122 2857 267 2931 Accedit,
289 2859 374 2935 quod
392 2859 558 2938 appellatio
577 2859 610 2919 in
631 2877 693 2920 una
709 2877 806 2920 causa
828 2875 891 2918 non
946 2852 977 2914 ιι.
996 2851 1033 2913 dc
1051 2851 1234 2933 llejudicct.
1250 2853 1423 2914 Concordat
1437 2857 1540 2921 textus
1559 2869 1588 2912 c.
1608 2851 1646 2914 Ia
1660 2851 1711 2912 lit·

123 2949 287 3030 impediat,
311 2951 479 3030 quominus
495 2952 594 3032 judex
607 2973 625 3013 a
639 2972 696 3036 quo
717 2953 787 3033 (nisi
806 2971 891 3014 raou-
947 2945 1027 3007 teris.
1043 2948 1073 3007 9.
1089 2945 1124 3007 dc
1139 2943 1226 3026 Offic.
1242 2943 1366 3025 delequt.
1385 2945 1500 3024 junctis
1514 2943 1603 3006 dictis
1616 2963 1711 3024 supra

122 3047 210 3108 satur
235 3052 269 3107 ut
292 3049 466 3127 suspectus)
495 3049 593 3125 possit
611 3047 754 3128 judicare
776 3047 809 3107 in
829 3045 890 3108 aliq
951 3039 1077 3099 asemel
1099 3039 1200 3100 valide
1221 3038 1391 3118 prolatam,
1413 3060 1428 3097 ιι
1451 3045 1509 3100 etc.
1534 3039 1613 3100 Nem
1628 3041 1711 3117 quod

122 3157 231 3213 causa,
245 3158 272 3202 c.
288 3139 341 3202 Aa
352 3139 423 3202 ιιι.
439 3143 470 3204 6.
486 3147 518 3203 et
531 3159 560 3203 c.
576 3140 741 3223 Proposuit.
758 3144 807 3204 ιι.
820 3141 850 3202 ιι.
866 3147 888 3204 ι.
942 3134 1040 3212 judex
1055 3131 1513 3212 ordinariuspossitrelormere
1524 3131 1711 3193 sententiam

123 3239 238 3312 estque
252 3233 345 3312 paolo
360 3235 504 3316 superius
517 3235 644 3297 dictum.
660 3235 753 3314 Atqui
768 3235 801 3296 in
821 3251 891 3314 pro-
945 3243 1034 3288 suam
1048 3225 1184 3287 invalide
1198 3227 1362 3306 prolatam,
1373 3243 1430 3288 seu
1444 3225 1483 3286 de
1494 3225 1565 3305 jore
1580 3221 1709 3296 nubam,

122 3327 224 3404 posito
240 3327 384 3391 videntur
397 3347 466 3392 osae
479 3331 550 3392 dum
565 3347 680 3405 muso,
702 3345 775 3390 cum
796 3346 890 3390 eausa
941 3319 1007 3398 jam
1022 3319 1199 3382 dictumest
1213 3319 1265 3381 cil.
1281 3319 1327 3381 tit.
1342 3335 1437 3399 praec.
1454 3337 1485 3380 u.
1502 3320 1552 3380 36.
1569 3321 1601 3380 ιι
1613 3319 1662 3400 37.
1680 3320 1711 3377 et

122 3418 305 3499 principalis
326 3420 371 3482 uti
394 3421 588 3501 supponitur)
612 3421 710 3503 possit
731 3422 890 3484 terminari
944 3411 1076 3489 amplius
1094 3430 1188 3493 supra
1211 3413 1243 3475 h.
1267 3417 1304 3486 t,
1318 3412 1336 3491 §
1351 3416 1381 3490 l,
1396 3431 1427 3474 n.
1443 3415 1493 3474 28.
1510 3413 1558 3474 ιι.
1575 3415 1606 3472 ιι
1619 3427 1707 3489 seqq.

122 3515 191 3574 sins
205 3515 305 3576 altera
319 3515 488 3578 incidenti:
512 3523 597 3596 puta,
615 3517 640 3578 si
655 3517 830 3598 appelletur
843 3535 891 3577 rs·
942 3504 987 3566 lbi
1002 3504 1153 3567 videatur·

123 3610 207 3671 lione
231 3610 452 3685 contumaciae,
476 3611 683 3690 postulando,
709 3618 742 3674 ut
763 3613 892 3690 propter
982 3601 1052 3664 ιιι.
1075 3599 1275 3660 Potesttamen
1288 3597 1604 3660 revoccreeeatcatiom
1618 3597 1710 3658 inter·

122 3722 194 3764 eam
207 3721 282 3782 pars
295 3703 419 3784 litigans
433 3703 660 3766 condemnetur
674 3705 707 3766 in
721 3720 887 3783 expensos:
944 3691 1127 3768 brotonam,
1149 3689 1195 3752 vel
1214 3708 1383 3772 pronomen,
1405 3708 1438 3750 ac
1457 3688 1561 3752 danda
1579 3687 1609 3749 in
1622 3707 1709 3750 cauea

123 3796 171 3856 vel
186 3795 212 3855 si
227 3793 401 3874 appelletur
413 3795 454 3856 ab
468 3795 649 3874 exceptione
665 3795 891 3874 compensatio-
939 3785 1104 3871 principali
1112 3783 1199 3845 libere
1205 3782 1370 3864 procedere.
1381 3781 1600 3862 —Loquendo
1611 3799 1709 3842 econ·

121 3889 182 3962 nis,
197 3893 253 3948 ent
267 3885 463 3964 hujusmodi3
481 3905 565 3968 ergo.
944 3889 991 3946 tra
1012 3882 1051 3943 de
1075 3881 1227 3942 sententia
1247 3878 1492 3956 interlocutoria,
1512 3883 1633 3938 certum
1649 3879 1707 3952 est,

161 3981 233 4042 226.
257 3977 394 4060 Opposita
420 3978 562 4042 sententio
588 3988 630 4042 est
657 3980 818 4046 retinenda.
852 4015 890 4029 -
945 3975 1029 4056 quod
1051 3975 1147 4053 judex
1168 3994 1187 4035 o
1207 3993 1281 4054 qao,
1305 3973 1331 4033 si
1354 3973 1398 4033 ila
1421 3971 1565 4052 expedire
1586 3972 1706 4045 viderit,

121 4070 307 4150 Oppositum
329 4071 526 4148 sententium,
556 4089 593 4133 ac
621 4073 652 4135 iu
675 4073 762 4151 praxi
780 4074 890 4136 merito
944 4066 1707 4151 poseiteemdemrevocare,seurelormare3stque

122 4163 629 4243 retinendam,videliceljodicem
642 4185 660 4226 a
674 4185 731 4246 quc
745 4173 891 4228 tuncnon
945 4163 1065 4224 sublato
1088 4160 1278 4241 gravamine,
1304 4177 1360 4238 per
1379 4158 1477 4236 ipsam
1500 4157 1580 4236 parti
1603 4154 1708 4234 appel·

122 4275 215 4338 posse
239 4257 407 4337 procedere
430 4253 463 4316 in
485 4275 579 4318 causa
599 4256 781 4336 principali,
807 4263 891 4320 tenet
944 4255 1019 4318 lenti
1042 4254 1142 4328 illato,
1166 4252 1199 4312 in
1223 4267 1316 4313 causa
1339 4250 1436 4310 libere
1458 4247 1640 4327 procedere.
1661 4247 1709 4308 lta

123 4353 234 4412 Glossa
248 4348 299 4410 cil.
316 4366 344 4410 c.
360 4347 460 4430 Sapei·
473 4365 515 4410 eo.
541 4351 588 4412 ιο.
615 4353 645 4427 ι.
669 4349 843 4412 Termr'aari.
860 4358 891 4414 et
944 4348 1058 4428 quippe
1073 4363 1216 4425 expresse
1232 4342 1363 4404 habetur
1377 4339 1516 4402 decisum
1530 4340 1562 4398 in
1577 4338 1707 4401 concilio

124 4443 243 4515 Abbss,
254 4440 330 4502 ibid.
346 4459 379 4501 n.
394 4445 425 4502 ι.
440 4448 471 4504 ιι
485 4459 571 4522 seqq.
587 4444 620 4506 h.
635 4451 658 4505 t.
676 4445 756 4506 benc
771 4443 890 4529 opinio·
945 4439 1081 4524 generali
1096 4441 1238 4527 (honest,
1255 4433 1467 4508 taroanensi,
1479 4432 1635 4496 celebrato
1649 4431 1708 4492 sub

123 4553 197 4597 nem
211 4535 375 4613 appellans
389 4553 740 4615 communem,eetnqne
755 4537 891 4618 probans
943 4533 1122 4598 Innocentio
1145 4533 1207 4612 lli.)
1230 4535 1324 4608 etque
1345 4527 1527 4590 relaturo.
1553 4527 1629 4589 Cum
1651 4543 1710 4586 ces·

123 4647 164 4688 er
177 4645 206 4688 c.
223 4627 264 4689 Si
275 4624 412 4707 ojudice,
437 4633 496 4690 etc.
519 4627 586 4690 Noc
607 4629 709 4691 solum.
726 4632 759 4692 ιι.
775 4639 797 4696 ι.
813 4634 844 4692 in
858 4635 889 4693 6.
945 4636 1035 4690 sonte.
1052 4629 1101 4690 00.
1118 4627 1149 4688 b.
1165 4633 1188 4687 t.
1204 4623 1263 4686 illis
1276 4622 1380 4684 verbis
1397 4641 1404 4683 :
1434 4643 1449 4680 ι
1467 4623 1545 4684 Gum
1566 4630 1709 4685 cessante

124 4721 265 4795 Accedit,
282 4721 365 4800 quod
377 4721 548 4802 darumsit,
561 4724 706 4785 eumdem
720 4724 892 4806 litigantem
946 4740 1050 4797 causa,
1081 4723 1182 4784 cesset
1208 4718 1362 4780 effectus:
1387 4715 1568 4790 statuimus,
1593 4720 1628 4776 ut
1645 4716 1709 4776 sive

123 4815 237 4876 aromri
251 4813 293 4874 ad
308 4813 551 4892 comparendum
563 4815 596 4874 in
611 4815 721 4878 eadem
735 4835 828 4878 cauea
842 4829 893 4878 'co-
945 4816 1040 4897 judex
1054 4813 1239 4886 ordinarius,
1249 4813 1313 4873 sive
1323 4811 1485 4892 delegatus
1499 4810 1615 4889 aliquid
1628 4825 1711 4870 com·
1820 4850 1823 4856 ·

124 4927 192 4969 ram
217 4905 352 4976 diversis
372 4907 544 4984 lodicibus,
568 4917 677 4971 contra
697 4911 771 4973 illud
785 4913 894 4992 vulga-
947 4909 1105 4982 minando,
1129 4907 1179 4968 vel
1202 4906 1440 4984 interloquendo
1459 4903 1633 4986 protulerit,
1649 4920 1710 4980 quo

126 5009 213 5062 tum:
229 4999 364 5062 accuse
375 5001 635 5064 continentiauon
646 5003 739 5065 debet
752 5003 847 5066 dividi
858 5024 864 5066 :
874 5027 888 5064 ιι
947 5000 1120 5064 executioni
1140 4998 1286 5058 mandato
1309 4998 1387 5060 alter
1405 4997 1591 5078 litigantium
1604 5012 1712 5074 grava-

126 5101 161 5155 nt
180 5093 294 5156 dicitur
321 5095 342 5155 l.
367 5092 502 5168 Nullum,
525 5096 630 5174 juncto
653 5096 839 5174 Summerio,
864 5107 895 5160 et
947 5100 1049 5156 retur:
1085 5099 1116 5156 el
1135 5109 1211 5154 seno
1230 5109 1305 5153 usus
1324 5090 1451 5152 consilio
1472 5090 1513 5150 ab
1533 5089 1712 5167 hujusmodi

124 5185 306 5248 doctoribu
321 5185 394 5248 ibid.
411 5205 437 5248 c.
454 5187 630 5266 deludium,
643 5193 710 5251 etc.
723 5187 891 5270 Dripcndtu.
947 5187 1210 5262 interlocutionis,
1248 5185 1298 5246 vel
1324 5181 1573 5246 comminationis
1600 5180 1711 5242 effectu

124 5281 157 5341 3.
173 5279 209 5342 de
221 5279 367 5360 Rampt.
379 5279 410 5340 in
424 5284 453 5343 6.
628 5351 632 5360 Α
949 5281 1111 5354 destiterit,
1137 5278 1235 5340 libere
1249 5277 1281 5338 iu
1297 5295 1398 5340 oeusae
1413 5275 1589 5356 cognitione
1603 5291 1714 5354 proce·

167 5377 237 5434 ιιι.
263 5372 560 5438 Solvunturmticnes
571 5376 678 5456 priors'c
691 5377 845 5440 mutantia.
858 5413 896 5422 -
949 5376 1024 5436 dal:
1050 5390 1113 5434 non
1135 5373 1289 5448 obstante,
1312 5373 1337 5432 si
1358 5390 1378 5430 a
1400 5368 1451 5430 tali
1473 5369 1713 5430 comminatione

124 5467 237 5546 Neque
252 5466 387 5530 multum
402 5471 660 5551 urgentratioues
673 5472 704 5532 in
721 5471 896 5553 oppositum
949 5471 999 5532 vel
1021 5467 1258 5534 interlocutione
1281 5465 1371 5528 fuerit
1388 5461 1596 5542 appellatum,
1625 5461 1715 5522 dum-
