4028 6068
139 283 212 363 5111.
229 281 457 347 scatebrae
470 279 557 346 atta
570 281 690 344 DUBIA
703 278 980 346 OPPOSI'I'IONEM
993 283 1260 351 exceptionum
1276 285 1575 350 concamarata.
1599 277 1657 346 ild

88 423 168 496 ltesp.
193 415 378 478 affirmative
404 433 412 475 :
442 413 543 489 adeo,
571 419 607 475 ut
640 413 838 494 exceptiones
892 432 963 476 cnm
976 415 1059 478 istud
1073 417 1112 479 sit
1125 418 1259 496 speciale
1274 419 1306 480 in
1328 419 1510 502 exceptione
1532 433 1659 478 excom-

88 509 249 591 bujnsmodi
265 507 468 587 possinttunc
481 507 597 590 opponi
610 507 795 588 regulariter
805 507 837 569 in
891 509 1110 572 muricationis
1124 511 1258 573 scienter
1281 513 1408 583 omissa,
1425 510 1595 590 etquidem
1616 509 1658 570 ob

88 603 216 666 omnibus
243 601 304 663 illis
330 601 469 676 casibus,
497 597 530 663 in
558 601 670 682 quibus
696 607 839 680 poterant
891 601 1043 666 rationem
1057 603 1234 684 allegatam,
1244 601 1660 683 idipsuminaliisexceptio·

88 697 185 780 opponi
200 695 232 756 iu
247 713 342 756 causa
362 695 535 776 principali,
557 698 628 775 post
651 695 738 758 litem
761 712 836 758 oon·
892 695 983 758 nibus
1001 695 1146 773 scienter,
1171 702 1203 760 et
1222 697 1377 760 malitiose
1397 697 1530 775 omissis,
1553 696 1659 757 locum

88 800 226 858 testatum.
242 793 288 854 lta
302 792 411 854 dlosse
424 790 478 852 fin.
490 808 517 852 c.
529 789 836 854 intermanentes-iam.
892 789 1087 855 nonhabet:
1104 808 1141 852 eo
1157 790 1341 871 presertim,
1365 807 1427 871 qna
1447 791 1478 851 in
1499 790 1565 853 istis
1586 789 1659 851 elle·

88 885 251 950 chcntent.
267 891 295 946 et
308 883 478 964 rejudicct.
498 883 605 947 ebbae
624 903 652 947 c.
677 884 837 966 Exceptio-
892 889 965 966 gata
977 887 1056 949 ratio
1070 902 1133 947 non
1148 884 1297 966 procedit.
1321 885 1414 946 ioan.
1445 884 1585 946 Andreas
1604 881 1658 944 cit.

89 1000 151 1044 mm.
165 999 195 1040 n.
211 982 262 1042 t't.
278 985 309 1040 et
324 981 372 1042 ra.
387 979 420 1040 h.
436 984 459 1040 t.
476 978 583 1043 etalii.
600 979 759 1060 Siquidem
782 995 839 1057 per
892 997 924 1040 ιι.
940 981 991 1040 l'l.

89 1071 313 1152 appellationem
326 1069 523 1146 rescinditur,
540 1069 605 1131 sire
625 1067 836 1148 suspenditur,
931 1074 981 1132 l't.
1002 1069 1102 1134 chee
1113 1072 1257 1135 coniitico
1271 1069 1352 1136 debet
1364 1069 1501 1154 repellere
1513 1068 1660 1150 exceptio·

86 1165 255 1244 judicatum,
272 1168 304 1225 et
315 1161 477 1241 reponitur
490 1161 522 1222 in
537 1162 665 1242 antiquo
685 1165 780 1238 statu,
806 1167 839 1222 ut
891 1183 956 1226 nem
974 1167 1201 1247 perceptorium
1217 1175 1340 1248 propter·
1360 1164 1519 1247 quemlihet
1537 1161 1661 1224 melitite

88 1257 169 1336 possit
180 1257 251 1336 quis
265 1253 369 1316 iacere
383 1271 421 1316 oa
436 1254 551 1330 omnia,
561 1257 840 1334 quaepoterotpost
892 1257 1087 1338 empc'cr'omm.
1105 1257 1163 1334 (lui
1173 1257 1270 1320 dotum
1286 1257 1406 1340 allegat,
1422 1257 1519 1319 dolum
1534 1255 1661 1337 produce

88 1352 161 1412 litem
172 1352 380 1416 contestatam
392 1367 399 1408 :
411 1346 453 1407 ad
465 1347 554 1408 illum
567 1347 652 1408 enim
666 1351 779 1410 statum
793 1365 841 1408 re·
893 1346 1335 1429 detec.-1npraxiramenaon
1351 1348 1432 1410 illico
1435 1349 1533 1428 judex
1548 1365 1660 1424 excep·

89 1445 206 1516 ducitur,
221 1443 296 1504 licet
309 1459 371 1502 uon
387 1439 428 1502 ad
441 1455 525 1517 earn,
542 1439 595 1518 qui
610 1443 678 1502 erat
691 1447 763 1502 anta
777 1439 840 1504 litis
893 1440 1009 1502 tionem
1015 1438 1413 1520 peremptoriemrepellere
1422 1439 1516 1502 debet
1526 1443 1656 1517 propter

89 1535 341 1602 contestationem.
358 1534 501 1597 Bartolus
514 1535 546 1597 in
560 1533 581 1594 l.
597 1533 646 1596 Ito
658 1532 785 1598 deinum
810 1552 838 1596 c.
894 1532 1062 1612 quamlibet
1076 1531 1204 1607 fraudis,
1221 1549 1277 1592 seu
1292 1532 1416 1593 malitie
1431 1529 1657 1611 suspicionem

89 1631 278 1694 chrocurut.
303 1628 408 1692 Abbas
430 1628 490 1690 loc.
516 1627 568 1690 cit.
591 1633 623 1690 et
636 1627 710 1702 allii,
723 1626 840 1707 junctis
893 1629 960 1688 tum
974 1627 1046 1706 qnia
1060 1644 1152 1688 nemo
1167 1627 1365 1706 presumitur
1379 1624 1490 1697 malus,
1508 1623 1566 1682 nisi
1590 1641 1662 1701 pro-

90 1743 208 1806 sapran.
224 1727 275 1788 28.
893 1719 984 1782 betur
996 1717 1107 1791 maius,
1123 1737 1190 1798 cap.
1208 1719 1262 1782 ult.
1279 1717 1314 1784 de
1337 1717 1562 1798 Presumption.
1588 1735 1660 1776 cum

121 1823 163 1880 75.
184 1815 349 1879 Dmnrrodo
361 1817 427 1899 quis
440 1835 499 1877 noc
512 1815 643 1888 scienter,
658 1822 686 1877 et
698 1812 841 1876 malitiose
894 1811 1055 1876 similibus.
1072 1815 1109 1874 at
1122 1813 1174 1892 qai
1189 1811 1296 1874 dolum
1310 1812 1434 1890 allegat,
1458 1810 1566 1872 dolum
1589 1827 1663 1890 pro·

89 1931 128 1974 ecs
138 1910 264 1972 mmserit
276 1908 308 1969 in
321 1928 409 1970 cumn
420 1908 593 1990 principaii,
609 1914 642 1968 ut
660 1907 688 1969 ei
699 1906 842 1988 fatigaret
893 1905 969 1968 bare
983 1905 1077 1979 debet
1090 1906 1111 1968 l.
1128 1905 1252 1982 Quoties.
1268 1905 1287 1986 §
1301 1904 1360 1982 Qui
1371 1903 1445 1967 doio.
1457 1904 1490 1965 ff.
1501 1903 1536 1966 de
1550 1901 1664 1966 Prota-

89 1999 425 2066 trucemtrucem
441 1999 661 2062 dommumnon
683 2008 725 2064 eat
746 1996 843 2060 tedul-
896 1997 983 2075 tion.;
1012 2007 1077 2060 tum
1106 1998 1289 2079 quiadolus
1309 2017 1373 2059 non
1395 1998 1513 2058 nisiex
1541 1995 1663 2058 indiciis

89 2095 209 2176 perdum
225 2093 413 2156 -Additur
425 2097 532 2155 tamen
551 2093 595 2173 ly,
624 2091 843 2172 irregulariter
895 2091 1065 2172 perspicuis
1092 2092 1255 2172 probatur,
1275 2091 1296 2154 l.
1321 2091 1437 2155 Dolum.
1468 2111 1496 2153 c.
1525 2089 1562 2153 dc
1590 2089 1665 2152 Dolo
1751 2111 1758 2140 ι

91 2193 116 2252 in
128 2189 266 2252 omnibus
279 2189 339 2250 illis
353 2188 489 2265 casibus,
509 2210 524 2247 r
553 2193 612 2250 etc.
642 2186 733 2248 Fallit
759 2186 842 2246 euim
895 2184 981 2247 mulo.
997 2186 1087 2247 Unde
1102 2191 1133 2248 et
1145 2184 1289 2250 Pontifex
1303 2187 1335 2248 in
1349 2205 1377 2246 c.
1395 2185 1556 2248 Suscitatc.
1573 2187 1602 2248 6.
1620 2183 1664 2246 be

90 2285 150 2358 boc,
165 2283 291 2362 quando
305 2282 374 2360 quis
388 2280 489 2342 sciens
503 2279 534 2341 in
549 2277 702 2352 fraudem,
722 2293 758 2339 ac
779 2293 843 2338 rna·
897 2280 927 2341 in
940 2278 1095 2361 integram.
1112 2279 1235 2342 restitut.
1252 2287 1322 2360 post
1336 2281 1522 2342 sententiam
1537 2297 1554 2339 a
1570 2297 1604 2340 sa
1618 2280 1664 2341 la-

90 2377 199 2449 litioae,
220 2371 419 2454 pretermisit
441 2388 599 2453 opponere
628 2370 843 2450 exceptionem
896 2375 970 2445 tam,
1002 2370 1123 2433 admisit
1146 2372 1363 2452 exceptionem
1388 2370 1664 2451 prescriptionisa

90 2468 316 2548 peremptoriam
330 2468 362 2530 in
377 2483 472 2528 causa
486 2463 659 2545 principali,
671 2467 706 2526 ut
719 2463 764 2524 sic
777 2461 843 2524 iuti·
896 2482 950 2526 rao
969 2465 1161 2544 propositam
1183 2465 1281 2544 (baud
1303 2465 1457 2541 obstante,
1483 2464 1567 2544 quod
1591 2483 1606 2522 ι
1627 2481 1666 2523 ex

92 2569 167 2642 garet
192 2561 405 2624 adversarium
432 2577 535 2620 suum.
564 2557 622 2630 Oui
642 2560 717 2620 tunc
735 2555 843 2618 dolose
896 2557 1190 2638 presumptionibus
1203 2558 1343 2636 pluribus
1353 2557 1516 2620 videbatur
1529 2573 1585 2635 per
1598 2573 1666 2616 ma-

91 2656 317 2734 pretermittens
346 2671 508 2734 opponere
546 2652 760 2732 exceptionem
789 2668 844 2731 pe·
896 2651 993 2714 litiam
1007 2649 1461 2732 excogitata)idquesubcertis
1476 2659 1580 2714 tamen
1594 2669 1666 2713 cau·

91 2749 275 2831 romptoriam
291 2748 429 2828 (dempta
452 2748 638 2826 exceptione
661 2763 843 2808 excommu-
896 2745 978 2822 talis,
995 2745 1115 2806 censuit
1127 2745 1307 2806 laciendum
1322 2745 1468 2823 aequitate
1481 2752 1660 2825 pensata,n

92 2842 251 2920 nicationis)
280 2860 344 2904 non
371 2845 418 2902 est
445 2840 621 2904 andiendus
649 2840 681 2900 in
709 2839 844 2902 secunda
898 2857 1007 2901 seune
1022 2838 1156 2920 cuipiam
1170 2839 1249 2918 parti
1265 2837 1480 2918 prejudicium
1495 2855 1663 2916 generara-

93 2936 235 3014 instantia,
250 2953 308 2998 seu
322 2935 355 2996 in
365 2934 482 3014 iudicio
494 2933 720 3015 appellationis.
737 2932 844 2994 Glossa
898 2941 957 2997 tur.
976 2933 1079 2996 Abbas
1094 2934 1145 2996 cit.
1161 2951 1189 2996 c.
1207 2931 1367 2995 Suscitutu.
1383 2951 1416 2994 n.
1433 2935 1463 2995 3.
1483 2932 1527 2996 De
1540 2935 1572 2996 in
1590 2933 1664 2996 intc-

93 3030 138 3092 bn.
156 3050 182 3091 c.
203 3029 284 3092 Inter
302 3027 517 3090 monasteriem.
545 3033 576 3089 et
590 3029 682 3090 Joan.
704 3023 844 3088 Andreas
897 3047 983 3110 prum
1000 3027 1125 3090 restitut.

94 3125 158 3184 ibid.
171 3143 200 3184 n.
218 3128 265 3186 Π.
282 3130 314 3184 et
327 3120 432 3184 Abbas
450 3140 481 3183 n.
499 3124 548 3184 lb.
569 3120 605 3182 dc
625 3119 757 3182 Sentent.
773 3125 800 3178 ct
814 3135 846 3178 re
938 3123 988 3184 78.
1011 3120 1111 3196 Dolus,
1127 3121 1186 3184 siue
1202 3121 1318 3184 molitio
1339 3119 1501 3202 differenti
1526 3140 1667 3204 epponem

88 3216 202 3297 judicet.
213 3216 488 3295 postHostiensem
497 3213 571 3276 ibid.
582 3212 730 3292 idemque
739 3211 845 3274 Abbas
898 3215 1102 3296 exceptiones,
1118 3215 1259 3298 quomodo
1270 3215 1394 3297 probari
1404 3214 1521 3298 possit?
1535 3250 1573 3264 -
1587 3216 1626 3278 Et
1639 3216 1665 3278 si

96 3310 193 3389 incap.
208 3326 230 3372 ι.
246 3328 280 3371 ιι.
295 3313 326 3372 9.
341 3309 374 3370 b.
391 3313 413 3370 t.
429 3306 513 3370 istud
526 3307 701 3385 intelligens
717 3305 756 3365 da
771 3322 845 3383 qua·
898 3313 998 3388 petas,
1014 3309 1172 3388 quomodo
1187 3308 1340 3388 ejusmodi
1354 3308 1455 3383 dolus,
1471 3309 1535 3372 sive
1549 3309 1665 3372 malitia

97 3416 215 3478 cumque
229 3398 424 3478 exceptione,
441 3415 511 3478 qaae
528 3397 682 3458 malitiose
706 3401 845 3472 tempore
898 3400 1068 3464 differentis
1083 3419 1240 3482 opponere
1256 3401 1470 3484 exceptionem
1481 3403 1521 3464 ad
1535 3401 1666 3482 fatigan-

95 3490 286 3554 detcrminato
301 3489 438 3553 nonfuit
452 3491 604 3572 opposita,
627 3493 662 3552 ut
681 3492 752 3569 post
769 3487 845 3550 illud
897 3494 972 3556 dum
1000 3493 1213 3557 adversarium
1240 3513 1351 3568 suum,
1390 3493 1515 3575 probari
1547 3495 1665 3558 valeat?

100 3589 206 3666 tenpus
219 3604 282 3648 non
296 3585 488 3646 admittatur.
514 3585 642 3646 Accedit
659 3584 748 3657 ratio,
772 3583 844 3663 quia
898 3585 1078 3665 Respondet
1091 3586 1197 3648 Abbas
1211 3584 1261 3648 cit.
1288 3604 1315 3648 o.
1341 3586 1424 3648 Inter
1445 3585 1663 3648 monasterium.

97 3678 204 3740 malitiis
226 3677 389 3739 bominum
410 3693 472 3738 non
496 3671 550 3738 est¹
564 3675 801 3756 indulgendum,
820 3675 842 3736 l.
898 3699 929 3742 n.
947 3683 996 3742 lt.
1012 3679 1043 3740 in
1057 3678 1111 3740 lin.
1127 3677 1162 3742 dc
1180 3679 1261 3743 Sem.
1277 3688 1305 3743 et
1326 3679 1495 3761 rejudicot.
1511 3679 1664 3760 ejusmodi

98 3771 227 3849 tnsuaio.
243 3771 278 3833 a.
293 3770 329 3832 de
344 3769 401 3832 Rei
411 3768 553 3831 vendicat.
898 3771 1004 3834 dolum
1018 3771 1142 3852 probari
1157 3791 1247 3852 posse
1268 3773 1318 3835 vel
1338 3791 1376 3834 ex
1399 3772 1596 3836 contessione
1612 3773 1665 3834 ad-

129 3868 173 3926 id.
192 3861 239 3925 Et
254 3859 338 3944 qaid,
353 3861 382 3922 si
392 3862 523 3942 ecceptio
543 3863 845 3926 excommunicationis
897 3863 1039 3936 versarii3
1065 3871 1150 3942 pata,
1171 3864 1244 3944 quia
1266 3863 1399 3945 ipsemet
1416 3871 1502 3926 extra
1512 3862 1664 3943 judicium

99 3955 277 4018 demoliente
290 3952 686 4038 fnitdilutci-ldipsum,
702 3959 845 4040 etmagis
897 3957 930 4018 id
953 3956 1085 4028 dixerat;
1115 3957 1163 4018 vel
1190 3973 1228 4018 cx
1256 3956 1453 4036 conjecturis,
1480 3956 1544 4018 sive
1564 3972 1601 4016 ex
1617 3953 1665 4014 in-

98 4047 130 4108 ad
142 4048 340 4128 propositum,
352 4047 523 4112 desumitur
532 4066 570 4111 ex
580 4067 607 4110 c.
624 4049 842 4133 Exceptionem.
899 4048 987 4112 dicits
1000 4049 1181 4129 perspicuis,
1199 4050 1288 4129 juxta
1312 4049 1364 4111 cit.
1391 4049 1411 4110 l.
1433 4048 1550 4112 Dolum.
1575 4067 1602 4112 c.
1628 4045 1665 4109 de

99 4142 173 4204 ltin
188 4147 210 4204 t.
226 4147 412 4222 argumento
426 4159 446 4203 a
459 4141 586 4222 speciali
599 4141 766 4224 desumpto
784 4143 845 4206 :ibi
900 4138 971 4205 Doto
984 4141 1072 4204 mato.

98 4236 195 4315 quippe
230 4235 262 4298 in
297 4235 481 4315 exceptione
518 4237 845 4300 excommunicationis

99 4328 218 4406 (majoris
235 4327 392 4408 videlicet)
419 4330 504 4393 istud
535 4332 670 4395 habetur
697 4333 843 4414 speciale,
1236 4330 1322 4408 §lll-

99 4425 124 4480 nt
142 4421 170 4480 in
196 4439 393 4501 mecumque
407 4423 468 4484 litis
488 4431 575 4504 parte
596 4426 691 4505 possit
705 4427 842 4505 opponi:

97 4511 131 4572 ita
144 4518 253 4582 tamen,
273 4517 310 4576 ut
323 4514 349 4574 si
363 4515 514 4578 malitiose
538 4516 632 4580 dilata
654 4517 758 4594 fuerit,
774 4538 846 4582 raus
984 4533 1148 4582 sotwnran
1168 4533 1237 4578 arat
1258 4533 1346 4580 noste
1367 4503 1573 4580 oirosmtortla

97 4605 178 4666 actori
198 4608 231 4667 in
251 4606 401 4688 legitimis
423 4609 567 4688 expensis
589 4612 846 4675 condemnandus
1059 4627 1260 4676 sxcnarronort
1279 4625 1509 4676 concaananrta.

97 4699 136 4758 sit.
151 4701 246 4778 arque
261 4699 346 4762 istud
367 4719 436 4762 esse
455 4703 590 4782 speciale
612 4704 644 4766 iu
666 4706 846 4786 exceptione
916 4767 919 4776 ,
1443 4753 1448 4762 -

98 4792 425 4866 excommunicationis,
446 4796 557 4874 probat
578 4795 680 4860 textus
703 4798 736 4858 in
749 4797 801 4862 cit.
818 4817 845 4861 c.
941 4803 989 4862 79.
1012 4797 1207 4880 deceptiones
1233 4815 1251 4858 u
1277 4795 1381 4878 quidue
1401 4796 1511 4877 pmeint
1528 4797 1639 4879 opponi
1650 4795 1667 4856 i

97 4882 303 4966 deceptionem.
313 4886 346 4948 h.
359 4891 381 4948 t.
398 4886 441 4950 sio
455 4905 590 4950 sonans:
605 4910 619 4947 ιι
630 4891 848 4970 Exceptionem
902 4895 960 4958 Ere
973 4899 1156 4974 opponuntur
1170 4911 1187 4950 o
1200 4889 1269 4964 reis,
1280 4889 1441 4970 lorumque
1454 4887 1667 4952 hereditare·-

98 4977 410 5039 excommunicationis
424 4978 456 5038 in
472 4980 620 5042 dilatoriis
638 4984 849 5061 proponendis
902 4988 1056 5060 Queritnr
1083 4987 1104 5046 l.
1133 4987 1159 5044 A
1187 4983 1299 5062 quibus
1326 4982 1445 5062 possint
1468 4981 1667 5060 exceptiones

97 5085 159 5130 reus
172 5071 303 5132 scienter
317 5071 473 5148 omittens,
490 5073 520 5132 in
535 5073 673 5153 qnalibet
687 5075 850 5155 partelitis
902 5078 1046 5161 proponi,
1069 5085 1100 5139 ct
1122 5077 1147 5138 si
1171 5095 1232 5138 non
1255 5077 1475 5147 admittantur,
1497 5071 1666 5156 appellarit

98 5177 242 5239 opponere
270 5163 400 5224 minima
423 5164 629 5244 prohibetur:
655 5168 739 5246 quod
758 5172 806 5231 est
818 5171 851 5231 in
904 5173 995 5248 Resp.
1011 5173 1033 5232 l.
1050 5169 1248 5248 exceptiones
1271 5170 1472 5248 opponuntur
1492 5166 1596 5239 areis,
1611 5164 1668 5225 bo·

98 5251 148 5313 buo
161 5255 339 5334 exceptione
353 5256 529 5336 specialiter
543 5259 770 5321 observandum
787 5279 794 5320 ι
811 5279 850 5323 ne
904 5277 1035 5342 rumque
1056 5261 1249 5332 heredibus,
1276 5266 1308 5326 et
1329 5257 1578 5339 fidejussoribus3
1612 5257 1668 5318 nisi

99 5347 252 5426 quisquam
272 5349 305 5408 in
324 5350 499 5427 periculum
512 5353 623 5413 animae
639 5354 852 5414 excommuni-
905 5357 1018 5428 tuerint
1032 5356 1229 5434 exceptiones
1239 5352 1430 5435 personales.
1441 5351 1486 5417 lta
1496 5347 1669 5412 Hostiensis

102 5439 244 5504 rationem
258 5441 491 5506 communicare
511 5449 676 5526 cogatur,a
695 5453 753 5510 etc.
770 5449 852 5530 Ergo
907 5449 940 5511 in
954 5451 1089 5510 Samma.
1105 5447 1138 5509 h.
1154 5453 1177 5510 t.
1193 5465 1225 5511 n.
1240 5451 1271 5512 t.
1288 5442 1500 5516 stationalis
1520 5446 1577 5528 eat,
1598 5441 1672 5532 quia
