4080 6064
329 343 368 404 52
485 343 555 406 LIB.
578 345 614 404 11.
635 343 846 406 necessat.
872 342 942 404 ΤΙΤ.
966 341 1030 402 XX.
1051 342 1102 403 llll
1121 339 1301 404 tustinus
1324 341 1371 400 ffl'
1392 337 1748 402 transactionibus,

328 477 419 558 Resp.
434 477 457 539 l.
472 476 742 557 Ragrrlaritertres
757 476 856 538 solum
871 475 1091 556 productiones
1145 477 1177 551 t.
1201 472 1384 553 Effroeuetu.
1407 473 1439 532 h.
1461 478 1484 533 1.
1508 473 1634 546 Partim,
1659 471 1733 550 quia
1752 489 1792 531 ex
1812 469 1910 549 petita

326 571 450 632 terbum
460 569 540 647 fleri,
556 577 587 632 ct
601 571 720 632 admitti
730 577 877 650 possunt;
893 575 1002 650 quarta
1017 587 1090 630 vero
1139 565 1204 645 jum
1233 563 1393 644 multiplici
1420 561 1623 644 productione
1653 562 1779 624 testium
1808 561 1910 620 oritur
2033 569 2034 608 t

327 662 448 724 nonnisi
469 682 506 724 ex
519 664 605 742 justa
623 681 730 737 causa,
759 670 791 725 et
812 681 883 726 oum
896 660 1090 724 solemnitate
1143 657 1356 738 praesumptio,
1382 657 1466 736 quod
1488 657 1557 734 quis
1579 655 1732 717 malitiose
1754 655 1787 716 id
1807 652 1913 728 iaciat,
2033 709 2034 730 ,

326 753 429 834 legali,
442 754 561 818 admitti
576 752 1088 828 debetltaSummariumdbbaS,
1144 751 1291 811 nimirum
1313 751 1361 810 vel
1384 749 1488 810 animo
1513 749 1718 829 prolongandi
1740 748 1845 822 litam;
1861 745 1914 806 vel
2033 755 2034 766 *

326 847 475 920 Barbosa,
501 853 532 909 et
551 847 693 910 doctores
713 847 920 910 communiter
942 846 972 906 in
1001 863 1028 906 a.
1053 842 1091 904 Iu
1143 843 1302 922 quiajam
1322 844 1541 920 percunctatus
1562 839 1665 902 iuerat
1684 841 1768 902 dicta
1785 837 1915 900 testium

325 938 428 1000 comit.
446 942 494 1002 ta.
511 942 543 1002 b.
559 946 581 1003 t.
597 941 651 1003 ubi
665 940 709 1002 sic
723 939 855 1002 habetur
865 937 1014 1012 decisum,
1030 933 1090 995 illia
1144 939 1236 999 antea
1255 953 1273 996 a
1295 953 1329 996 aa
1347 933 1580 1014 productorum,
1604 940 1636 994 et
1657 931 1802 1008 videndo,
1827 927 1916 1010 quod

324 1031 427 1094 vorbis
444 1051 450 1094 :
472 1053 486 1090 u
500 1034 534 1094 ln
548 1035 650 1096 causis
665 1030 889 1104 ecelesiasticis,
905 1033 938 1092 et
951 1027 1090 1092 civilibus
1143 1027 1186 1090 illi
1200 1045 1263 1088 non
1277 1026 1358 1088 bena
1372 1025 1506 1107 probent
1520 1024 1722 1088 intentionem
1745 1041 1846 1096 suam,
1860 1040 1916 1083 vc-

324 1121 405 1184 ultra
419 1123 542 1186 tertiam
555 1123 801 1204 productionem,
822 1140 887 1206 non
910 1119 1026 1182 debent
1047 1126 1091 1180 te·
1143 1121 1177 1182 lit
1190 1125 1297 1202 postea
1312 1119 1485 1198 producere
1500 1118 1576 1178 alios
1591 1125 1686 1182 testes
1699 1117 1912 1180 subornatos:

325 1219 387 1276 stes
400 1215 541 1294 produci,
555 1215 614 1278 nisi
628 1215 766 1278 adbibita
789 1215 924 1294 quadam
947 1211 1090 1274 solemni·
1142 1221 1235 1296 prout
1253 1212 1395 1275 insimili
1418 1219 1543 1275 cavetur
1568 1212 1664 1274 Clam.
1688 1215 1718 1274 2.
1743 1211 1776 1273 b.
1801 1213 1826 1274 t.
1850 1207 1915 1270 Sed

325 1312 399 1380 tate,
423 1325 493 1386 qua
516 1309 547 1369 in
571 1308 692 1390 legibue
717 1308 874 1372 invenitur
897 1321 1085 1386 expressa.»
1143 1306 1519 1386 quiapctestquandoque
1529 1305 1704 1386 oppositum
1715 1304 1912 1384 contingere,

324 1399 498 1465 concordat
516 1403 608 1464 anth.
629 1401 664 1464 de
684 1399 788 1468 Tertii.
803 1401 821 1480 §
835 1399 910 1477 (loia
923 1417 1001 1460 cero
1026 1397 1090 1460 col·
1143 1398 1215 1460 binc
1230 1400 1376 1462 statuitur
1394 1399 1468 1460 illud
1489 1398 1701 1474 moderamen,
1717 1403 1752 1458 ut
1765 1404 1912 1459 cessante

325 1492 378 1554 lat.
394 1499 423 1555 7.
440 1501 472 1556 et
483 1514 510 1557 c.
532 1494 617 1559 Ultro
630 1495 757 1558 tabam.
772 1497 822 1558 53.
838 1493 911 1556 eod.
936 1492 1016 1554 illico
1040 1507 1090 1552 re·
1141 1491 1195 1554 tali
1209 1490 1319 1554 bande
1334 1489 1429 1570 possit
1442 1491 1570 1571 quidem
1589 1490 1709 1552 admitti
1723 1495 1833 1569 quarta
1848 1497 1914 1552 tes-

325 1584 499 1653 terendum.
514 1591 613 1653 Unde.
1142 1587 1220 1648 tium
1229 1583 1402 1665 productio,
1415 1585 1470 1646 sed
1479 1584 1603 1646 nonnisi
1614 1589 1735 1646 servata
1749 1583 1914 1663 premissa

364 1682 434 1743 116.
456 1680 632 1745 &amaea
653 1682 710 1745 ista
731 1681 832 1763 tepolis
857 1679 1033 1744 neuram.
1049 1711 1090 1728 -·
1142 1678 1336 1742 solemnitate
1357 1680 1459 1759 legali,
1481 1680 1546 1742 siva
1563 1680 1698 1760 praestito
1716 1679 1912 1759 juramento,

325 1773 417 1856 llasp.
434 1777 469 1838 ll.
485 1777 669 1840 solemnitas
689 1777 809 1857 legalis,
831 1794 901 1856 que
923 1772 1016 1836 debet
1036 1773 1090 1836 ob·
1142 1779 1293 1854 utsupra.

324 1868 439 1931 samari
459 1869 491 1930 in
511 1877 620 1950 quarta
642 1871 768 1934 testium
795 1868 1012 1951 productione,
1034 1866 1086 1928 de·
1181 1871 1249 1932 119.
1274 1866 1761 1950 Catacecaumeniten
1779 1862 1913 1948 modac-

324 1963 507 2028 tarminatur
520 1965 550 2024 in
565 1965 617 2027 cit.
630 1965 725 2046 deth.
741 1965 776 2028 de
787 1961 1001 2042 Tertit.§0uia
1010 1979 1087 2024 cero.
1142 1962 1247 2024 licaeo
1261 1961 1374 2024 testium
1393 1961 1575 2044 requisitum,
1589 1981 1646 2022 oon
1658 1959 1823 2042 superfluat
1843 1965 1915 2038 poet

325 2057 399 2120 ctd.
415 2075 444 2119 c.
462 2056 690 2120 Ultruteraiom.
705 2059 736 2120 h.
753 2061 776 2122 t.
793 2057 851 2119 illis
864 2053 989 2118 verbis:
1010 2053 1089 2116 uUl-
1140 2056 1305 2138 prestitam
1324 2056 1529 2136 jurameutum
1550 2054 1780 2116 colamaioei-
1795 2051 1909 2113 Dices:

325 2153 373 2210 tra
392 2148 515 2212 tertiam
533 2149 770 2229 productionem
789 2165 852 2210 non
865 2146 982 2208 debent
993 2149 1089 2208 testm
1142 2149 1266 2211 Frustra
1277 2147 1410 2228 eripitur
1419 2148 1502 2210 istud
1508 2150 1731 2230 jurameutum,
1744 2153 1912 2226 postquam

323 2239 453 2321 produci
479 2241 512 2302 in
536 2259 644 2316 causa,
665 2243 724 2304 nisi
744 2241 881 2322 praestito
904 2240 944 2302 ab
963 2257 1012 2315 ec,
1036 2240 1089 2319 qui
1142 2261 1161 2303 a
1182 2241 1332 2323 principio
1349 2242 1415 2322 jam
1438 2242 1495 2304 fuit
1517 2243 1653 2321 juratum
1673 2241 1712 2304 de
1733 2240 1909 2312 calumnia3

326 2335 384 2396 boc
398 2333 545 2415 postulat,
559 2337 747 2415 juramento,
759 2333 843 2415 quod
857 2351 959 2412 neque
972 2351 1029 2412 per
1042 2351 1086 2408 se,
1142 2353 1227 2417 ergo.
1252 2336 1448 2398 antecedens
1470 2335 1629 2416 probatur.
1651 2335 1729 2408 Quia
1747 2335 1912 2415 juramen·
2033 2361 2034 2430 p

325 2445 427 2507 neque
446 2445 503 2507 per
524 2429 619 2491 alium
641 2428 804 2491 testificata
825 2425 1023 2501 subtraxerit,
1038 2427 1088 2487 vel
1141 2435 1207 2490 tum
1221 2427 1259 2490 de
1273 2429 1427 2490 calumnia
1442 2429 1580 2493 extendit
1593 2447 1626 2490 se
1641 2429 1682 2490 od
1700 2428 1816 2501 omnia,
1837 2443 1910 2505 quae
2033 2475 2034 2510 ,

324 2519 418 2584 fucrit
437 2528 654 2601 percunctatus
671 2541 678 2583 :
698 2539 756 2586 nac
776 2540 833 2602 per
851 2520 957 2582 dolum
971 2523 1025 2582 aut
1037 2539 1088 2582 ar-
1128 2526 1249 2600 postea
1263 2523 1429 2581 occurrunt
1442 2519 1471 2580 in
1487 2537 1590 2594 causa,
1607 2520 1699 2582 anth.
1726 2517 1792 2581 Har
1805 2538 1910 2580 souu-
2033 2525 2034 2548 ³

323 2622 388 2678 tam
407 2616 544 2696 aliquam
565 2623 709 2697 quartum
728 2614 963 2697 productionem
978 2633 1088 2695 expos-
1140 2620 1277 2688 menam,
1302 2629 1330 2674 c.
1351 2610 1388 2675 de
1408 2611 1572 2674 Jurumeat.
1597 2611 1723 2672 calama.
1752 2611 1910 2691 simulque

324 2713 393 2780 cat;
416 2709 472 2770 sed
494 2709 577 2789 quia,
593 2727 671 2789 quos
685 2709 838 2772 desiderat
861 2709 900 2769 de
919 2726 1000 2770 novo
1019 2725 1088 2788 pru·
1141 2723 1203 2766 nou
1230 2705 1323 2767 debet
1350 2705 1463 2786 saepius
1489 2707 1521 2766 in
1544 2705 1652 2767 eudem
1677 2723 1773 2768 causa
1794 2703 1908 2785 jurari,

321 2800 448 2875 ducere,
463 2801 548 2881 prius
562 2803 678 2866 babere
692 2803 841 2882 nequivit.
858 2824 873 2862 a
891 2801 964 2863 Hac
977 2801 1031 2865 ibi.
1141 2799 1227 2860 autb.
1243 2799 1287 2861 De
1300 2799 1344 2860 tir
1358 2800 1410 2882 qui
1423 2797 1534 2880 iapred.
1551 2798 1688 2881 appellat.
1699 2801 1717 2880 ξ
1730 2799 1784 2860 tin.
1800 2797 1907 2860 collat.
2033 2799 2034 2810 ³

325 2943 329 2954 .
362 2895 432 2956 tta.
454 2894 600 2976 Imponat
625 2897 830 2978 jurameutum
869 2914 957 2977 super
995 2893 1088 2958 tritae
1139 2895 1170 2954 5.
1187 2893 1278 2974 ltesp.
1295 2910 1367 2974 neg.
1388 2892 1587 2966 antecedens,
1612 2909 1683 2954 curn
1704 2909 1768 2953 suae
1792 2891 1908 2972 proba·
2033 2921 2034 2974 ,

321 2987 627 3070 praemeditabatur
638 2989 846 3072 deponmdum.
861 3023 901 3038 -
914 2989 959 3052 Ex
973 2988 1087 3067 quibus
1140 2985 1232 3049 tionis
1262 2986 1495 3066 consequentia.
1524 2986 1602 3058 Quia
1625 2986 1840 3066 juramentum
1866 2985 1910 3046 do
2033 2993 2034 3024 ³

324 3081 425 3143 verbis
447 3082 554 3161 liquet,
578 3084 662 3164 quod
684 3084 766 3146 dicta
789 3082 969 3145 solemnitas
985 3082 1085 3162 legale
1140 3079 1295 3142 calumnia
1308 3079 1461 3160 estlonge
1475 3079 1632 3142 diversum
1654 3079 1694 3142 ab
1717 3079 1794 3153 iatc;
1812 3081 1908 3158 atque

323 3173 470 3254 importet
491 3175 704 3252 jurameutum
727 3195 820 3258 super
842 3174 942 3238 tribus
963 3175 1085 3254 punctis
1139 3173 1210 3236 ideo
1231 3191 1329 3236 unum
1346 3175 1561 3254 juramentum
1581 3191 1644 3234 non
1667 3172 1803 3236 excludit
1825 3173 1906 3234 alte-

320 3267 508 3348 judieialiter
528 3269 749 3348 praestandum.
776 3272 799 3332 1.
818 3269 906 3341 Quod
922 3267 1083 3350 teao'ficctu,
1139 3285 1220 3342 rum,
1246 3261 1347 3349 neque
1367 3267 1450 3330 istud
1473 3265 1575 3330 reddit
1595 3266 1806 3346 superfluum3
1830 3280 1909 3326 num

323 3379 379 3424 sen
404 3361 501 3422 tactas
527 3361 591 3426 sive
614 3380 671 3443 pro
695 3383 762 3441 sua,
787 3364 851 3426 sive
876 3381 932 3444 pru
955 3363 1085 3425 adversa
1135 3361 1348 3440 juramentum
1374 3360 1414 3422 de
1436 3359 1603 3435 calumnia,
1627 3364 1674 3422 est
1690 3361 1909 3440 juramentum

322 3458 410 3534 parte
424 3454 470 3533 (ut
483 3453 614 3534 explicat
631 3456 738 3518 illusae
751 3457 785 3518 iu
798 3459 852 3521 cit.
867 3475 895 3518 c.
916 3456 1003 3520 Ultro
1026 3465 1085 3518 ter-
1137 3456 1177 3518 de
1191 3455 1384 3532 credulitate,
1400 3473 1456 3517 seu
1470 3454 1555 3534 quud
1567 3455 1635 3534 quis
1649 3453 1766 3533 credat,
1792 3470 1826 3514 ae
1846 3453 1906 3518 ha·

322 3547 402 3610 darn.
432 3551 463 3626 t.
495 3547 670 3631 Teadfiacto)
704 3550 828 3612 testium
861 3551 1081 3630 depositiones,
1137 3549 1211 3614 bare
1228 3550 1345 3630 justam
1365 3567 1502 3623 cauam,
1525 3555 1585 3612 ete.
1609 3551 1828 3612 lmemantum
1846 3563 1906 3607 au·

325 3655 456 3719 cneque
478 3659 535 3721 per
556 3659 602 3718 se,
627 3659 730 3722 neque
744 3643 910 3723 paralium
923 3643 1084 3704 subtruxa·
1136 3645 1212 3713 tem,
1245 3642 1329 3724 quod
1355 3643 1406 3705 bic
1440 3642 1608 3722 requiritur
1635 3640 1675 3703 ad
1702 3641 1906 3704 obtinendam
2033 3659 2034 3702 t

322 3733 384 3795 rit:
400 3755 414 3792 ο
433 3735 493 3794 boc
513 3741 570 3810 est,
592 3736 814 3816 suppresserit;
840 3736 888 3798 val
910 3735 1084 3798 occultave-
1138 3741 1280 3814 quartam
1293 3734 1528 3817 productionem
1537 3733 1673 3808 testium,
1686 3735 1903 3815 estjuramen·
2033 3743 2034 3814 j

321 3826 371 3900 rit,
386 3825 490 3892 rursm
503 3827 682 3903 advertens,
697 3828 782 3908 quod
794 3829 851 3890 eibi
866 3847 929 3890 nou
947 3829 1081 3892 faveant.
1137 3834 1203 3888 tom
1213 3827 1252 3889 da
1263 3828 1408 3903 ventate3
1425 3847 1481 3896 sen
1490 3827 1574 3908 quod
1587 3827 1656 3908 quis
1670 3845 1772 3908 neque
1785 3845 1842 3908 per
1855 3845 1904 3902 ae,

320 3920 356 3982 ll.
380 3918 469 3991 Quod
491 3939 550 3984 nec
573 3922 738 3984 testificata
764 3921 885 3986 «inerit
905 3927 1083 4002 percuncta-
1136 3937 1239 4000 neque
1265 3937 1323 4000 per
1347 3921 1444 3982 ulium
1470 3921 1612 3984 didicerit
1634 3921 1808 3998 neuneu,
1837 3923 1902 3982 etc.
2033 3917 2034 3956 3

320 4017 385 4084 tus;
401 4035 416 4073 a
433 4013 465 4074 id
478 4016 538 4087 est,
553 4031 616 4078 nou
630 4014 782 4090 didicerit,
795 4021 848 4078 eut
858 4016 1080 4094 exploraverit:
1136 4012 1243 4074 Glossa
1256 4013 1307 4077 cit.
1322 4031 1349 4076 c.
1371 4013 1458 4076 Ultra
1471 4011 1598 4076 tertiam.
1615 4016 1646 4090 t.
1662 4013 1846 4076 loramento.
1867 4013 1903 4074 b.

320 4102 394 4182 quia
406 4111 479 4188 tunc
492 4105 625 4168 cruatur
637 4105 821 4185 periculum,
838 4114 868 4169 at
881 4109 1082 4188 presumptio
1135 4110 1159 4168 t.
1174 4105 1279 4184 iuncta
1289 4107 1397 4170 Glossa
1406 4107 1568 4190 marginali
1578 4106 1654 4169 ibid.
1670 4107 1804 4187 amplius
1818 4107 1903 4170 banc

319 4195 548 4262 subornationis
556 4199 692 4276 testium,
703 4199 728 4260 ai
738 4199 787 4261 isti
797 4207 867 4281 post
877 4201 943 4280 jam
957 4201 1082 4264 didicita
1135 4198 1313 4264 instantiam
1327 4201 1495 4278 deducens,
1512 4206 1544 4262 et
1557 4198 1728 4264 resolvens.

319 4289 479 4354 testificata
502 4291 631 4372 produci
653 4299 791 4372 possent,
816 4312 844 4356 c.
859 4293 1080 4358 Frater-tritaet.
1174 4295 1244 4355 150.
1265 4295 1317 4356 Aa
1326 4313 1384 4376 per
1396 4294 1427 4376 ly
1441 4292 1693 4375 productionem,
1709 4301 1842 4376 oportum
1855 4293 1905 4356 lta'c
2033 4329 2034 4332 =

319 4387 369 4446 i'l.
389 4383 496 4463 juncto
518 4383 627 4450 Glossa
652 4389 683 4464 7.
707 4385 809 4450 Nocti.
825 4387 856 4448 b.
877 4393 900 4448 t.
922 4389 970 4450 111.
994 4387 1083 4460 Quod
1136 4385 1509 4468 intelliperedilstiunernt
1522 4388 1658 4451 -Girca
1673 4387 1788 4449 dictam
1797 4393 1904 4450 tamen

318 4475 435 4550 dolose,
447 4498 468 4540 ,a
477 4495 533 4540 aeu
542 4481 724 4558 pardulum,
735 4483 895 4542 autartem
904 4481 1078 4562 aliquam,r
1135 4481 1377 4558 conclusionem,
1393 4489 1425 4544 et
1438 4481 1605 4563 allegatum
1621 4481 1653 4543 in
1667 4499 1706 4543 aa
1718 4486 1838 4543 textum
1861 4499 1904 4543 cx
2033 4495 2034 4498 ’

318 4570 1082 4653 putaadmaliucsepronahenuamlitemaquar-
1135 4593 1162 4637 ο.
1196 4575 1281 4638 Ultro
1310 4575 1434 4638 enm.
1456 4576 1490 4639 b.
1515 4583 1536 4639 t.
1561 4580 1609 4639 est
1628 4575 1800 4650 sciendum,
1817 4575 1904 4654 quod
2033 4619 2034 4622 ,

318 4669 382 4726 um
395 4661 629 4742 productionem
642 4682 705 4727 nun
720 4669 821 4742 petut;
838 4687 852 4724 u
872 4665 928 4727 sed
940 4665 1012 4744 quia
1026 4665 1082 4728 bu·
1135 4666 1242 4730 Glossa
1264 4669 1338 4730 ibid.
1356 4672 1387 4746 t.
1403 4668 1637 4733 Productiones.
1658 4676 1690 4732 et
1710 4667 1846 4730 Barbcsa
1867 4668 1903 4729 in
2033 4709 2034 4748 7

313 4757 450 4838 jusmodi
464 4763 558 4820 testes
572 4763 664 4818 antea
677 4759 848 4838 producere
863 4777 925 4820 nou
940 4765 1079 4839 poterut:
1137 4759 1292 4824 Collaclau.
1309 4781 1342 4823 n.
1359 4765 1388 4824 1.
1406 4769 1436 4824 ο1
1451 4763 1541 4826 lusu.
1559 4761 1900 4824 andreuclncaeatr.
2033 4791 2034 4794 ¹

317 4850 362 4914 uti
382 4849 481 4930 liquet
494 4869 533 4912 ex
547 4849 679 4931 allegato
702 4857 806 4927 textu,
821 4859 855 4916 ct
868 4853 919 4916 cit.
935 4854 1028 4917 nuth.
1045 4854 1082 4919 de
1134 4875 1166 4918 n.
1189 4859 1219 4919 6.
1244 4855 1275 4918 b.
1297 4863 1319 4918 t.
1343 4858 1508 4935 pluresque
1522 4855 1584 4932 alii,
1601 4873 1657 4936 per
1671 4857 1713 4936 ly,
1736 4855 1901 4936 uprcduo·

318 4940 423 5006 Testib.
439 4941 457 5021 ᾗ
471 4942 545 5018 Quia
559 4960 637 5006 οονο.
1133 4949 1260 5026 tionem,
1277 4969 1292 5006 a
1315 4949 1488 5028 intelligant
1514 4968 1528 5007 a
1546 4947 1726 5020 diletionem
1743 4967 1750 5008 :
1768 4969 1782 5005 a
1808 4953 1842 5008 ut
1861 4947 1903 5010 sit
2033 4955 2034 4960 ’

355 5033 424 5098 118.
447 5033 677 5114 Afferturrotru
689 5045 855 5108 memoratae
876 5039 1081 5102 droedonis·
1134 5059 1255 5116 sensus,
1271 5043 1355 5121 quod
1376 5041 1456 5104 ultra
1478 5041 1601 5104 tertiam
1623 5058 1687 5104 non
1710 5039 1903 5103 concedatur

316 5127 406 5191 ilatio
420 5127 639 5202 conclusionis,
655 5145 711 5190 seu
724 5135 902 5202 memoratae
918 5133 1080 5196 decisionis
1133 5142 1243 5214 quarta
1257 5135 1362 5198 dilatio
1376 5135 1495 5214 absque
1512 5141 1684 5200 memorata
1704 5133 1901 5197 solemnitate

315 5226 381 5285 eat:
397 5221 520 5302 partim,
538 5225 573 5284 nt
585 5226 765 5286 coerceatur
782 5223 941 5288 effrenata
953 5227 1080 5289 testium
1131 5229 1237 5308 legali,
1264 5229 1405 5310 quamvis
1418 5231 1499 5294 intra
1512 5229 1682 5292 terminum
1695 5229 1837 5308 ejusdem
1851 5227 1900 5288 di·

314 5315 499 5390 multitudo;
521 5315 621 5394 qualis
640 5320 835 5395 sequeretur,
851 5317 877 5378 ai
890 5337 1014 5400 semper
1026 5319 1079 5382 alii
1131 5321 1255 5384 lationis
1268 5323 1373 5402 plures
1385 5322 1505 5403 possint
1519 5323 1585 5386 fieri
1600 5323 1819 5402 productiones
1833 5324 1900 5383 tes·

316 5410 348 5470 et
360 5407 411 5470 alii
420 5414 515 5472 testes
527 5415 656 5488 possent
665 5408 803 5489 produci,
818 5409 840 5470 l.
855 5409 879 5472 1.
894 5411 980 5490 §tiu
994 5413 1028 5476 n.
1044 5413 1075 5476 b.
1132 5421 1219 5478 bum.
1235 5416 1352 5478 Verum
1374 5415 1413 5478 de
1434 5415 1494 5479 hoo
1514 5415 1660 5498 opinione
1682 5416 1796 5478 Glosaae
1813 5414 1899 5476 mul-

317 5507 338 5568 1.
354 5507 384 5566 et
408 5517 434 5564 c.
459 5497 716 5586 Sipaifiooccruut.
746 5501 794 5564 36.
821 5500 931 5580 juncta
957 5503 1075 5569 illoesa.
1131 5513 1196 5570 tum
1211 5505 1341 5582 dubitat,
1358 5525 1394 5569 ac
1409 5507 1440 5570 in
1454 5503 1628 5592 oppositum
1643 5501 1770 5569 inclinat
1791 5504 1899 5568 atum
2033 5513 2034 5518 ’
