4064 6062
277 219 334 280 156
588 219 657 282 LlB.
680 223 716 285 Π.
739 219 946 282 caecarat.
973 221 1043 284 TIT.
1067 221 1169 287 XXlV.
1192 223 1242 284 DE
1263 223 1542 290 massabatene.

475 699 681 766 TITULUS
718 701 839 768 xxiv.

509 903 554 968 Be
574 903 805 984 Jurejurando.

318 1109 346 1166 l.
363 1104 451 1168 Ratio
465 1104 686 1166 continuationis
699 1104 891 1166 metricorum.
911 1139 948 1151 --
963 1103 1054 1180 Quia,

278 1197 479 1260 indefectam
497 1198 628 1259 aliarum
648 1199 865 1278 probationum
887 1217 970 1279 saepe
985 1215 1041 1259 εει-

276 1293 347 1373 pius
360 1291 530 1354 recurritur
543 1291 584 1352 ad
594 1293 825 1371 juramentum
847 1283 910 1352 uon
931 1293 1040 1352 imme-

278 1389 336 1450 rito
351 1403 434 1446 nuuc
448 1385 550 1466 agitur
563 1385 602 1446 de
614 1385 817 1465 jurejurando
835 1404 841 1445 :
858 1404 934 1447 nam
946 1387 1040 1448 maxi-

279 1497 364 1542 mum
387 1477 561 1539 remedium
584 1479 849 1560 expediendorum
870 1479 971 1541 litium
995 1487 1040 1542 εει

275 1572 498 1651 jurameutum,
514 1567 536 1629 l.
552 1573 574 1632 l.
591 1570 623 1632 ll.
644 1569 837 1649 Jurejnrcnd.
863 1577 894 1632 ει
908 1572 1041 1650 amplius

279 1662 397 1744 patebit
423 1679 461 1721 ex
489 1663 639 1726 dicendis.
668 1661 778 1742 Agitur
800 1665 906 1724 autem
920 1664 951 1724 in
966 1683 1043 1742 prae·

279 1757 357 1818 scuti
381 1757 469 1819 titulo
493 1774 555 1816 uon
576 1761 697 1819 tuntum
721 1757 760 1818 de
774 1756 949 1834 juramento
964 1755 1043 1835 judi-

279 1851 360 1924 ciali,
376 1853 459 1928 quod
475 1857 522 1914 est
536 1851 655 1930 species
675 1852 817 1930 quaedam
839 1851 1040 1934 probationis,

280 1944 336 2006 sed
362 1945 457 2007 etiam
477 1944 517 2006 da
539 1943 607 2005 aliis
623 1943 835 2022 juramentum
856 1961 1043 2006 concernen-

281 2038 385 2101 tibus:
407 2041 539 2118 quarum
558 2044 663 2100 lamen
685 2038 784 2118 plura,
810 2038 981 2118 prasertim
1000 2037 1044 2098 to

1130 357 1160 418 3.
1192 353 1411 432 iuramentum,
1452 355 1547 440 quid?
1582 358 1661 439 Ejus
1696 357 1765 440 finio
1799 361 1858 420 im-

1092 452 1246 525 mediatus,
1261 451 1497 533 estconfinmotio
1515 453 1560 515 rai
1579 453 1682 515 dudam.
1704 489 1742 500 -
1762 455 1858 534 Resp.

1091 551 1127 610 ll.
1152 550 1371 610 iuramentum
1392 551 1476 612 recte
1504 549 1666 623 definitur,
1699 549 1859 611 dicendo:

1099 665 1113 702 ε
1123 645 1365 705 iuramentumn
1384 646 1432 705 εει
1444 641 1597 704 invocatio
1612 641 1707 704 divini
1721 643 1861 704 numinis

1093 737 1124 797 in
1135 735 1346 798 testimoninm
1357 735 1487 816 alicujus
1497 737 1859 816 reilladivusllugusti-

1093 849 1152 892 nus
1166 831 1203 892 dc
1217 827 1313 891 Scrm.
1330 827 1415 892 Dom.
1433 830 1463 891 in
1476 839 1582 892 monte.
1598 848 1666 910 cap.
1684 848 1757 896 xvir.
1782 831 1860 902 Quae

1094 923 1231 988 definitio
1245 924 1277 985 in
1298 941 1332 985 re
1346 943 1408 985 non
1423 924 1526 987 differt
1538 925 1578 986 ab
1592 942 1642 997 ea,
1656 943 1752 1004 quam
1766 923 1863 986 aaut

1093 1019 1265 1081 Hosticasis
1287 1018 1319 1078 in
1341 1017 1476 1080 Summa.
1501 1017 1534 1079 b.
1554 1020 1591 1095 t.,
1616 1019 1634 1098 ξ
1656 1021 1684 1080 l.
1718 1035 1750 1080 n.
1775 1021 1806 1079 l.
1828 1023 1862 1078 ει

1093 1113 1199 1176 Αιιιιεε
1212 1113 1253 1174 ad
1266 1112 1380 1174 rubric.
1396 1113 1427 1176 h.
1444 1120 1479 1184 t.,
1495 1131 1526 1174 n.
1544 1117 1573 1187 l,
1589 1114 1720 1176 dicendo
1738 1133 1745 1174 :
1765 1115 1863 1178 Jura-

1094 1212 1234 1270 mentum
1248 1213 1295 1270 est
1314 1207 1453 1280 assertio,
1475 1208 1525 1268 rel
1544 1207 1671 1289 negatio
1692 1209 1732 1270 dc
1753 1205 1862 1288 aliquo

1093 1304 1236 1378 honesto,
1251 1300 1346 1376 licito,
1364 1307 1394 1362 et
1407 1299 1557 1380 possibili,
1581 1318 1676 1362 sacre
1699 1302 1744 1364 rei
1765 1307 1864 1363 attes-

1094 1396 1210 1458 tatione
1224 1394 1323 1457 tirma.
1339 1396 1427 1458 Ratio
1442 1401 1500 1469 εει,
1515 1395 1588 1473 εείε
1608 1394 1679 1455 finis
1697 1394 1862 1456 immedia-

1097 1493 1145 1552 tus
1159 1507 1234 1552 usus
1240 1490 1421 1569 juramenti,
1431 1491 1478 1550 εει
1485 1486 1678 1549 confirmatio
1689 1487 1733 1549 rei
1740 1486 1861 1560 dubia,

1096 1601 1151 1644 seu
1166 1589 1371 1644 controversae
1393 1599 1451 1661 per
1472 1579 1708 1642 obtestationem
1727 1579 1864 1658 alicujus

1095 1674 1232 1754 majoris,
1249 1674 1445 1753 nempeDe13
1459 1673 1548 1752 juxta
1562 1671 1794 1746 illudHebr.a1,
1810 1675 1861 1734 13.

1096 1765 1238 1828 Homines
1259 1766 1335 1828 onim
1357 1785 1415 1848 per
1432 1765 1574 1846 mojorem
1600 1764 1648 1825 oni
1666 1763 1777 1845 jurant
1794 1784 1807 1826 .·
1834 1772 1867 1825 et

1095 1867 1188 1940 omnia
1205 1859 1405 1922 controversiae
1427 1877 1525 1922 conum
1545 1857 1624 1939 finis,
1647 1857 1687 1920 od
1705 1857 1865 1938 confirmo·

1097 1955 1210 2026 tionem,
1229 1962 1258 2015 ct
1265 1955 1481 2034 juramentum.

1136 2051 1166 2108 ll.
1190 2046 1339 2108 Dividitur
1358 2045 1439 2107 nnnc
1452 2045 1604 2127 precipue
1626 2047 1656 2107 in
1675 2045 1865 2107 assertor-inm

278 2149 348 2192 rum
363 2133 560 2195 eonscientiae
574 2131 780 2210 respicientia,
797 2131 989 2193 commodius
1003 2131 1042 2192 ad
1096 2148 1124 2203 et
1139 2141 1368 2223 pemmonem,
1391 2173 1429 2185 -
1450 2141 1543 2219 Rcsp,
1567 2141 1617 2202 ΠΙ,
1644 2141 1865 2201 ,iuramentum

281 2226 468 2307 theologiam
483 2227 633 2288 moralem
647 2225 855 2288 remittuntur·
1096 2237 1182 2298 varie
1197 2236 1360 2298 dividitur:
1376 2243 1468 2315 prout
1482 2237 1570 2297 notat
1583 2232 1738 2295 Glossaad
1747 2234 1863 2294 rubric.

1096 2328 1129 2390 ffi
1145 2328 1180 2390 de
1192 2326 1387 2410 Jnrejnrcnd.
1402 2329 1486 2388 Inter
1495 2326 1571 2388 alias
1581 2329 1687 2388 tamen
1702 2326 1771 2405 ejus
1785 2326 1866 2387 diri·

627 2441 686 2519 ξε,
1041 2445 1048 2458 ·
1097 2422 1199 2483 sionea
1221 2421 1378 2501 precipua
1403 2426 1449 2481 est
1471 2419 1540 2493 illa,
1566 2437 1629 2498 qua
1648 2422 1866 2500 J'uramentum

1096 2515 1242 2578 dividitur
1263 2514 1296 2574 in
1320 2513 1536 2589 assentorium,
1560 2519 1592 2574 et
1615 2513 1865 2592 promissorium,

1095 2611 1141 2672 Ita
1153 2607 1303 2669 Scotusiu
1314 2609 1344 2668 3.
1360 2605 1431 2668 dist.
1443 2608 1493 2668 39.
1507 2607 1615 2682 quaesl.
1627 2624 1680 2666 un.
1691 2604 1867 2667 Hostiensis

1097 2701 1129 2762 in
1143 2699 1277 2763 Summa.
1293 2700 1326 2760 h.
1341 2702 1379 2774 t.,
1395 2717 1427 2760 n.
1444 2701 1478 2770 3;
1496 2698 1622 2778 Pirhiug
1643 2697 1727 2772 eod,
1752 2717 1784 2759 n.
1814 2703 1865 2776 ln,

1098 2801 1128 2856 et
1142 2793 1203 2855 alii.
1219 2794 1308 2854 Ratio
1323 2800 1380 2864 εει,
1398 2793 1470 2871 quia
1484 2799 1538 2854 aut
1548 2793 1761 2872 juramentum
1777 2793 1811 2854 lit
1826 2794 1867 2852 ad

319 2879 348 2936 2.
371 2875 492 2952 larana,
515 2875 608 2955 qnid?
633 2873 800 2936 duramenti
820 2873 945 2950 nomine,
974 2873 1046 2956 qnid
1096 2885 1192 2948 fldem
1213 2886 1349 2948 veritatis
1372 2891 1505 2946 narratae
1524 2885 1723 2946 astruendam
1745 2884 1789 2945 illi
1811 2885 1866 2964 qui

279 2965 479 3049 antellipotnr?
506 2967 663 3050 Apellotnr
681 2966 769 3028 etium
788 2965 1003 3047 jusjurandum
1016 2975 1044 3029 el
1097 2976 1183 3039 audit
1199 2995 1206 3037 :
1224 2984 1277 3038 aut
1292 2976 1327 3038 fir
1341 2975 1381 3037 ad
1404 2975 1642 3056 promissionem
1665 2976 1865 3051 firmandam,

278 3067 499 3121 lucrementum·
527 3060 573 3123 El
593 3060 722 3122 cnrY-
743 3061 1041 3135 Ouaeriiurl·01¹'1d‚
1097 3087 1158 3148 qua
1172 3067 1260 3129 alteri
1273 3068 1325 3130 vel
1338 3073 1448 3148 sponte
1463 3069 1513 3129 vel
1527 3069 1594 3148 ejus
1614 3068 1749 3148 impulsu
1777 3069 1870 3148 quid-

278 3159 310 3215 ct
324 3153 491 3232 quotuplex
509 3153 547 3216 ait
569 3155 802 3234 juramentum?
822 3153 914 3233 Resp·
938 3155 961 3215 I·
986 3155 1043 3216 Ju-
1096 3161 1180 3242 piam
1203 3159 1423 3239 promittimus.
1446 3161 1539 3240 Atqui
1554 3159 1639 3240 prius
1650 3161 1865 3240 juramentum

279 3265 360 3325 rare,
376 3250 424 3308 εει
436 3247 552 3326 aliquid
565 3251 646 3310 teste
661 3249 724 3308 Deo
748 3245 863 3310 dicere.
880 3249 1043 3310 Juramen-
1096 3257 1144 3316 est
1174 3252 1395 3331 assentorium,
1421 3253 1578 3340 posteriuq
1607 3253 1866 3334 promissorium

278 3344 345 3403 tam
365 3357 439 3401 vero
461 3345 509 3401 est
525 3357 586 3401 vox
601 3341 746 3419 jurantis,
775 3357 831 3401 seu
859 3343 947 3402 ectus
974 3340 1041 3416 ille,
1097 3365 1184 3428 ergo.
1197 3347 1324 3424 ltaque:

279 3451 341 3513 quo
352 3435 475 3513 juratur
487 3436 567 3495 teste
581 3433 658 3494 Deo.
674 3435 718 3494 lta
732 3433 839 3494 Glossa
858 3434 891 3495 in
906 3432 1040 3510 Summo,
1135 3442 1165 3501 5.
1180 3438 1385 3500 duramentum
1399 3437 1587 3500 montorium
1596 3447 1625 3499 et
1631 3439 1867 3520 promissorium,

278 3545 363 3588 caus.
380 3529 429 3589 22.
453 3543 483 3605 q.
509 3530 539 3588 l.
556 3525 661 3587 Abhas
676 3524 717 3587 ad
731 3527 846 3588 rubric.
861 3525 894 3588 h.
909 3533 945 3602 t.,
962 3547 993 3589 u.
1011 3530 1040 3588 l.
1097 3528 1238 3614 quidi—
1266 3551 1280 3588 u
1301 3533 1517 3593 iuramentum
1541 3533 1741 3593 assertorium
1763 3553 1779 3590 n
1808 3540 1868 3604 εει,

279 3623 311 3682 ει
323 3619 386 3682 alii.
402 3619 498 3700 Igitur
510 3615 679 3680 iuramenti
698 3619 822 3682 uomina
838 3620 869 3680 in
883 3621 1042 3701 proposito
1098 3642 1158 3703 quo
1183 3623 1361 3704 simpliciter
1374 3624 1441 3684 siue
1455 3623 1559 3702 aliqua
1582 3622 1788 3702 promissione
1812 3644 1871 3706 per

279 3711 460 3792 intelligitur
473 3715 559 3774 actus
580 3711 751 3792 religionis,
774 3731 835 3792 quo
857 3714 924 3792 quis
943 3715 1042 3775 Deum
1098 3717 1335 3780 obtestationem
1362 3717 1417 3778 liei
1444 3715 1561 3796 aliquid
1588 3717 1790 3793 affirmamus
1821 3720 1870 3782 vel

279 3805 310 3866 in
324 3811 435 3867 testem
449 3805 577 3866 adhibet
586 3804 627 3865 ad
638 3804 907 3867 confirmationem
922 3824 1041 3880 eorum,
1097 3828 1260 3891 negamus.
1277 3809 1756 3887 odoramentumpromisso‘rium
1766 3833 1780 3870 ε
1795 3830 1870 3874 vero

279 3917 348 3979 quae
363 3900 508 3975 affirmat,
533 3899 582 3960 vel
605 3897 780 3978 promittit:
802 3917 900 3978 caque
923 3901 1043 3963 ratione
1098 3903 1219 3974 dicitur,
1229 3901 1359 3981 quodad
1367 3901 1634 3962 confirmationem
1642 3902 1868 3981 promissionis,

279 3991 441 4072 profitetur
455 3991 593 4052 divinam
607 3991 770 4054 veritatem
792 4011 861 4054 esse
885 3992 1045 4056 indefecti·
1098 4015 1153 4057 seu
1168 3999 1355 4068 contractus,
1371 4000 1425 4055 aut
1443 3995 1525 4074 paoli
1540 3993 1671 4074 alicujus
1685 3995 1872 4058 corrobora-

278 4086 383 4147 bilem.
395 4086 495 4164 Atque
511 4083 593 4146 istud
606 4085 638 4145 ia
654 4083 779 4147 rubrica
788 4087 950 4164 praesentis
964 4087 1044 4148 tituli
1100 4089 1214 4150 tionem
1228 4086 1382 4166 adjicitur.

338 2627 375 2672 aa
403 2626 540 2684 ειιεει,
568 2627 605 2672 er
633 2626 775 2674 arrisione
803 2626 981 2685 masnadam
1020 2681 1025 2692 ,

436 2718 474 2763 ar
502 2717 646 2770 occurras
673 2717 718 2763 srr
745 2705 881 2763 norrun?

279 4179 454 4259 appellatur
481 4199 495 4236 u
517 4178 752 4257 Jusjurandum,
774 4177 805 4239 id
825 4185 880 4252 est,
894 4181 947 4259 jus
961 4179 1044 4260 quod
1138 4185 1168 4244 6.
1190 4179 1241 4243 Ad
1249 4179 1450 4260 juramentum
1462 4177 1682 4259 promissorium
1696 4175 1807 4259 duplex
1824 4198 1870 4240 rc·
1894 4259 1896 4262 Ι

279 4281 325 4336 εει
338 4272 505 4354 jurandum
522 4291 561 4334 :a
587 4273 659 4352 quia
676 4271 821 4333 videlicet
830 4273 1044 4352 juramentum
1099 4275 1230 4357 quiritur
1243 4273 1361 4335 namtas.
1379 4271 1871 4352 -Atqueadhoejuramentam

280 4373 327 4429 εει
345 4367 416 4445 jure
445 4365 634 4440 iaciendum,
664 4364 919 4426 concurrentibus
947 4366 1043 4427 tribus
1099 4366 1332 4448 promissorium
1346 4365 1460 4444 duplex
1476 4363 1644 4442 requiritur
1658 4365 1790 4426 veritae:
1809 4385 1870 4425 una

280 4460 348 4538 ejus
371 4459 546 4534 comitibus,
571 4457 711 4534 veritate,
730 4457 846 4537 judicio
861 4444 1042 4538 etju'stitia3
1098 4461 1296 4536 intentionis,
1328 4478 1382 4522 seu
1409 4459 1522 4522 veritus
1549 4460 1640 4535 dicti,
1672 4479 1735 4540 qua
1760 4463 1871 4540 jurans

279 4557 370 4630 prout
384 4549 551 4630 requiritur
563 4551 670 4614 terem.
687 4567 727 4629 rr,
744 4555 773 4613 3.
790 4569 827 4613 ac
843 4551 920 4614 inira
943 4573 973 4615 u.
993 4557 1042 4614 ιι.
1100 4572 1209 4618 verum
1223 4553 1379 4616 existimat
1392 4569 1461 4614 esse
1475 4553 1518 4627 id,
1535 4553 1574 4615 de
1589 4571 1649 4632 quo
1662 4553 1758 4633 jurat.
1775 4555 1814 4616 Et
1828 4555 1872 4615 al-

280 4642 412 4723 amplius
427 4642 643 4706 declarabitur.
667 4645 785 4707 Dicitur
807 4647 902 4708 etiam
925 4646 1044 4726 injure
1099 4653 1166 4711 tera
1180 4647 1380 4723 executionis,
1398 4662 1454 4706 εεε
1476 4647 1589 4707 veritas
1608 4645 1691 4719 facti,
1716 4665 1781 4726 qua
1803 4649 1872 4726 quis

280 4755 342 4798 non
357 4753 427 4796 raro
443 4757 457 4793 u
471 4733 711 4811 sacramehtum,
723 4761 736 4798 ι
755 4740 842 4818 quasi
853 4758 909 4818 per
929 4761 943 4796 u
958 4759 1046 4802 sacra
1099 4741 1131 4801 in
1145 4740 1248 4800 auimo
1262 4735 1356 4798 babet
1371 4754 1495 4798 servare
1509 4735 1596 4813 illud,
1609 4736 1693 4815 quod
1706 4737 1869 4816 promittit,

279 4831 570 4910 astringamentum,
599 4851 614 4888 ε
645 4833 688 4894 uti
711 4833 843 4912 explicat
866 4833 970 4895 Abbas
984 4834 1042 4896 loc.
1100 4851 1219 4914 suoque
1233 4833 1374 4910 tempore
1393 4834 1505 4891 servat.
1528 4829 1660 4891 θεεειεε
1680 4831 1820 4892 Thomas
1842 4835 1871 4892 2.

280 4923 331 4985 cit.
348 4940 385 4984 eo
401 4922 484 5002 quod
502 4923 714 5002 juramentum
727 4925 783 4988 flat
795 4944 852 5006 per
865 4945 914 4988 res
929 4945 1044 5001 sacras,
1100 4929 1129 4988 1.
1146 4931 1255 5005 quaest.
1271 4927 1322 4987 89.
1337 4926 1396 4986 art.
1412 4925 1450 4995 ις
1467 4923 1615 5001 Sancbez,
1633 4923 1685 4986 lib.
1701 4925 1750 4985 ΠΙ.
1768 4925 1800 4984 in
1815 4925 1873 4987 De·

279 5036 392 5099 nempe
408 5016 581 5079 invocando
596 5017 736 5077 Deumin
752 5023 872 5096 testem,
889 5020 1046 5083 ueletiam
1099 5005 1189 5100 calep.
1206 5037 1273 5098 cap.
1290 5035 1331 5078 ιε.
1347 5035 1379 5078 n.
1395 5019 1433 5090 23
1450 5015 1547 5095 Engel
1567 5016 1599 5076 h.
1615 5020 1652 5089 t.,
1672 5035 1704 5075 n.
1725 5019 1756 5092 6,
1777 5021 1871 5098 alque

280 5109 437 5192 tangendo
465 5115 606 5170 sanctum
634 5109 855 5189 Evangelium,
889 5119 942 5174 εει
970 5113 1045 5175 ειίεε
1101 5118 1225 5193 egomet
1259 5112 1325 5192 ipse
1350 5111 1415 5190 jam
1443 5108 1506 5170 dixi
1533 5111 1565 5170 iu
1597 5107 1731 5191 Τιεοιεε.
1761 5112 1880 5174 nrorul..

280 5222 330 5264 res
345 5221 449 5264 sacras
466 5220 472 5262 :
490 5201 539 5262 rel
560 5201 733 5281 appellatus
754 5223 768 5260 n
782 5209 1013 5267 sacramentum
1027 5229 1041 5265 ε
1099 5209 1190 5268 tract.
1207 5205 1246 5267 Vl
1260 5205 1331 5266 dist.
1347 5210 1377 5279 2,
1393 5222 1425 5264 n.
1442 5209 1476 5278 43
1493 5208 1565 5267 eta.
1581 5206 1615 5264 ιι
1626 5221 1664 5265 ec
1679 5223 1769 5284 seqq.
1781 5207 1869 5285 plura

280 5299 377 5380 large,
394 5297 507 5376 quasi(
518 5296 562 5357 rei
577 5313 672 5358 sauroe
688 5297 838 5377 signump
854 5303 946 5378 prout
960 5303 1046 5362 notat
1100 5300 1139 5361 de
1154 5297 1342 5380 obligafiono
1353 5299 1523 5379 juramenti
1537 5297 1727 5377 promissorii
1743 5299 1870 5379 subjun-

281 5391 364 5452 idem
378 5389 483 5452 Abbas
497 5407 565 5468 cap.
583 5406 615 5451 ιι.
633 5395 697 5452 not.
713 5393 743 5451 ι.
758 5387 793 5451 cle
807 5391 976 5453 Procneson.
1101 5392 1212 5472 gendo.
1229 5433 1232 5438 -
