4026 6054
224 289 227 296 Δ
248 213 307 276 398
326 207 397 270 tte.
412 209 462 272 lll.
478 205 687 270 neaeman.
702 208 773 270 ΤΙΤ.
788 208 825 270 ll.
841 207 891 270 DE
907 205 1212 271 contestatione
1224 205 1465 271 mfflstcoatnt
1478 206 1527 268 ΕΤ
1539 203 1750 270 MUlellUbl.

247 361 361 407 mouere
388 325 517 404 nimiu
542 339 676 402 muis‘eres
702 350 861 422 suspectos,
889 339 939 402 sed
963 359 1014 402 nec
1064 341 1098 402 in
1112 359 1140 404 c.
1155 341 1183 404 A
1198 340 1290 404 mdis.
1304 345 1336 406 6.
1351 341 1385 404 h.
1400 347 1423 403 t.
1435 341 1543 420 juncto
1562 359 1632 405 can.
1658 339 1829 403 tamnen.

248 436 322 500 olidi
340 441 499 516 suspectum
520 453 586 496 cnm
606 433 676 514 ipsis
697 435 937 496 conversationem
958 434 1012 496 lto-
1067 433 1137 496 dist.
1153 436 1203 496 38.
1218 432 1272 496 ubi
1287 432 1545 514 sanctasynodus
1558 435 1684 496 Nicoena
1704 434 1834 513 quibus·

249 532 323 594 dcre.
340 528 435 608 Cujus
448 531 509 588 cito
523 526 691 614 despicitur,
706 534 808 608 restat,
824 535 857 590 nt
868 527 1012 612 predico·
1067 527 1142 590 libet
1164 527 1283 590 clericis
1312 527 1480 602 interdixit,
1514 537 1531 588 a·
1561 527 1834 590 subintroductam

250 625 289 688 tio
302 629 512 686 contemnatur.
530 655 569 672 -
583 623 675 702 Resp.
691 625 728 684 ll.
745 621 853 686 Clerici
865 639 930 684 uon
948 629 1016 685 tau·
1067 622 1183 684 habere
1198 622 1372 699 mulierem,
1389 623 1448 684 nisi
1463 623 1541 686 torte
1555 629 1611 685 aut
1621 629 1768 698 matrem,
1779 628 1836 684 aut

249 724 317 780 tum
343 735 361 778 a
393 715 486 778 domo
520 718 643 796 proprie
677 733 837 779 removere
870 721 1015 778 tenentur
1069 715 1216 777 amitam:
1241 721 1294 778 aut
1317 715 1413 776 etiam
1436 733 1489 777 aas
1510 716 1639 778 idoneas
1661 733 1834 796 personas,

250 813 411 892 suspectas
433 807 589 882 mulieres,
613 809 669 870 sed
692 810 785 872 etiam
811 810 844 871 in
872 809 1016 872 domibus
1069 825 1139 887 quae
1160 807 1281 886 fugiant
1307 809 1510 888 suspiciones.
1538 831 1554 869 a
1584 810 1664 870 Nam
1691 809 1836 888 exceptio

251 906 360 969 alienis
374 922 427 966 aas
441 903 601 976 accedere,
617 909 672 964 eut
686 911 862 983 suspectam
882 921 954 967 cum
972 903 1016 982 ip·
1069 901 1133 976 illo,
1153 901 1246 964 oNiei
1259 899 1337 963 forte
1351 906 1406 964 aut
1419 905 1563 975 matrem,
1582 923 1598 962 n
1624 911 1685 966 etc.
1710 903 1835 976 limitat,

251 1000 294 1060 sis
316 995 583 1060 conversationem
604 992 705 1054 ubivis
732 994 872 1058 locorum
899 995 1016 1056 habere
1069 999 1163 1075 atque
1177 995 1282 1058 firmat
1294 994 1429 1073 priorem
1442 996 1583 1076 regulam
1597 996 1630 1058 iu
1645 995 1837 1076 oppositum.

124 1159 126 1166 ,
251 1091 464 1173 prohibentur.
479 1091 525 1150 lte
538 1088 735 1150 communis:
750 1093 858 1169 estque
873 1089 1017 1156 clerede·
1070 1088 1327 1151 Concordatcan.
1354 1086 1429 1151 Cum
1451 1089 1590 1152 omnihus.
1615 1089 1685 1152 dist.
1708 1095 1759 1154 81.
1782 1091 1839 1152 ubi

251 1185 351 1247 cisum
364 1183 395 1244 in
410 1201 478 1244 can.
493 1181 612 1243 clericus
625 1179 711 1244 solus.
727 1189 759 1244 et
772 1201 841 1244 can.
866 1183 904 1245 In
924 1189 1018 1246 omni·
1070 1185 1231 1264 premissa
1244 1183 1396 1246 consimili
1411 1185 1631 1265 prohibitione,
1652 1202 1694 1248 ne
1715 1184 1841 1248 clericis

253 1277 315 1351 dus,
332 1282 362 1338 et
376 1293 446 1337 cau.
464 1273 582 1352 Clerici,
597 1274 645 1336 cel
665 1275 850 1352 continentes,
874 1276 945 1338 dist.
965 1279 1016 1340 st.
1071 1278 1198 1340 omnino
1211 1277 1391 1341 cohabitent
1404 1286 1560 1342 exhausa
1574 1280 1733 1343 mulieres.
1759 1281 1840 1342 Hinc

172 1405 176 1418 ι
254 1389 325 1434 cum
340 1367 576 1432 concordantiis.
593 1367 721 1431 Accedit
739 1370 837 1432 ratio:
863 1373 936 1448 quia
958 1368 1019 1432 cle-
1072 1369 1268 1448 excipiuntor
1294 1377 1430 1444 matres,
1459 1371 1557 1444 arie,
1586 1377 1617 1433 et
1645 1377 1838 1447 materterae,

252 1466 321 1539 rici,
337 1463 389 1544 qui
404 1462 552 1545 populum
567 1463 708 1541 exemplo
733 1467 765 1526 et
787 1464 928 1526 doctrina
949 1481 1019 1545 pas·
1072 1465 1186 1541 amitae,
1216 1481 1348 1536 sorores,
1371 1470 1403 1526 et
1422 1464 1493 1526 tilia
1513 1462 1656 1542 tratrem,
1676 1472 1732 1530 aut
1752 1483 1843 1526 soro

254 1575 335 1638 cere,
371 1575 408 1618 ac
441 1556 594 1616 instrmre
628 1554 756 1630 debent,
792 1557 835 1618 ite
869 1557 901 1616 in
934 1556 1019 1617 omni
1072 1559 1231 1630 summu.

254 1650 488 1714 conversatione
503 1667 572 1715 sese
586 1666 695 1727 gerere
711 1654 867 1722 tenentur,
892 1653 927 1712 nt
944 1650 1019 1712 irre-
1111 1655 1143 1714 7.
1166 1649 1369 1714 Concordotor
1381 1661 1478 1714 tentus
1492 1672 1556 1736 cap.
1572 1672 1593 1718 1.
1611 1653 1642 1717 ir.
1660 1663 1682 1718 t.
1698 1656 1842 1718 mmolir's

254 1741 479 1826 prehensibilea
507 1741 589 1814 sint;
623 1745 718 1822 atque
752 1743 841 1822 juxte
866 1742 1019 1805 monitum
1072 1743 1236 1806 canonibus.
1253 1743 1406 1807 -Dicss
1421 1747 1456 1806 ln
1470 1763 1539 1825 cap.
1555 1763 1576 1808 r.
1595 1747 1626 1810 h.
1643 1754 1666 1811 t.
1691 1749 1843 1812 Sacerdo-

256 1835 394 1918 Apostoli
420 1838 446 1900 Il
467 1833 602 1900 Corinth.
628 1851 668 1910 vr,
690 1836 719 1898 3.
745 1853 809 1897 non
829 1837 1020 1917 vituperetur
1073 1838 1156 1902 tibus
1170 1837 1338 1915 inhibetur,
1354 1845 1390 1901 ut
1404 1858 1506 1919 nequa
1520 1840 1588 1902 illas
1605 1840 1751 1904 faeminas
1770 1844 1843 1905 reti-

256 1930 460 1994 ministerium
494 1945 626 2005 eorum,
667 1947 737 1990 can.
781 1929 911 2010 Oportet.
948 1927 1018 1990 ead.
1073 1935 1179 2006 neunt,
1208 1947 1286 2008 quas
1313 1947 1449 1994 mannes
1476 1934 1667 2009 concedunt,
1696 1942 1841 2014 manem,

255 2027 326 2088 dist.
343 2028 393 2087 er.
411 2022 573 2100 omnisque
588 2020 722 2084 nefande
736 2021 775 2084 de
789 2023 865 2102 ipsis
880 2021 1022 2084 excluda-
1074 2028 1211 2100 amitam,
1222 2044 1360 2088 sororem
1373 2047 1379 2088 :
1392 2027 1483 2106 prout
1493 2029 1591 2106 liquet
1605 2031 1756 2094 exrerbis
1767 2051 1800 2094 n.
1810 2035 1842 2094 3.

255 2127 306 2184 tur
319 2117 465 2198 suspicio,
482 2116 532 2176 cit.
554 2134 625 2176 cans
646 2114 685 2178 In
706 2115 847 2178 omnidm.
872 2117 943 2179 dist.
968 2119 1018 2178 8l.
1074 2121 1197 2184 relatis:
1215 2138 1290 2200 ergo
1310 2120 1359 2182 uel
1381 2121 1475 2183 debet
1496 2122 1617 2185 admitti
1637 2126 1845 2188 contrarietas

256 2209 401 2290 Alioquin
422 2209 505 2270 enim
524 2207 663 2270 doctriua
681 2208 832 2287 ipsorum,
854 2214 947 2286 etque
970 2226 1021 2268 ex·
1074 2213 1199 2292 injure,
1215 2211 1300 2290 quod
1314 2215 1361 2274 aet
1375 2211 1565 2288 absurdum
1585 2215 1636 2277 rel
1656 2221 1781 2294 oportet
1800 2216 1846 2278 di-

257 2303 389 2367 hortatio
403 2319 525 2381 parum,
540 2304 596 2362 aut
608 2300 684 2362 nihil
698 2299 897 2363 fructificaret
910 2301 944 2362 in
965 2319 1022 2380 po·
1075 2323 1158 2379 cere,
1173 2305 1286 2368 relatos
1300 2321 1437 2367 canones
1449 2306 1590 2368 revocari
1603 2327 1662 2387 per
1675 2309 1727 2370 eit.
1740 2327 1843 2390 capr.

257 2397 349 2477 pulo:
366 2413 439 2458 nam
459 2413 473 2451 u
495 2394 640 2474 legimus,
665 2401 695 2455 et
718 2393 905 2472 quotidianis
928 2393 1022 2456 etiam
1074 2400 1107 2460 h.
1122 2405 1146 2460 t.
1162 2398 1255 2476 Resp.
1272 2413 1345 2476 neg.
1366 2403 1568 2477 consequent.
1591 2399 1679 2476 Ouia,
1703 2405 1740 2463 ut
1759 2404 1847 2464 namt

259 2488 479 2569 experimentis
497 2487 672 2561 didicimus,
697 2489 786 2569 cujus
805 2489 868 2551 vita
891 2489 1024 2569 despici·
1076 2491 1184 2552 Glossa
1198 2489 1230 2550 io
1245 2489 1275 2550 d.
1292 2507 1361 2568 cap.
1377 2506 1399 2550 1.
1418 2491 1448 2567 l.
1466 2487 1607 2566 Conones,
1623 2491 1655 2553 h.
1677 2495 1702 2555 t.
1727 2495 1847 2572 quaeris

258 2592 309 2647 tur
333 2587 439 2656 restat,
467 2588 502 2645 ut
528 2580 706 2661 predicatio
737 2586 973 2656 contemnatur;
1004 2605 1019 2642 n
1076 2581 1281 2646 contrarietas
1301 2583 1428 2656 tollitur,
1450 2581 1586 2662 diptique
1608 2602 1746 2648 mannes
1768 2588 1848 2650 iuter

258 2684 349 2758 prout
363 2676 498 2755 loquitur
512 2675 601 2738 dirus
621 2675 797 2737 Bernardus
817 2677 916 2753 (Serm
934 2681 964 2740 8.
988 2675 1024 2740 de
1077 2692 1111 2736 se
1139 2675 1386 2750 concordantur,
1417 2674 1570 2746 diceudo,
1600 2677 1685 2755 quod
1712 2677 1849 2740 relatum

259 2767 421 2832 Resurrect.
438 2765 568 2840 Domini,
584 2765 676 2845 paulo
692 2772 763 2829 ante
777 2767 896 2846 finam).
1078 2787 1147 2849 cap.
1163 2787 1185 2832 1.
1202 2769 1234 2830 h.
1251 2776 1273 2831 t.
1289 2769 1437 2848 loquetur
1449 2768 1488 2830 de
1504 2768 1633 2848 clericis,
1653 2789 1690 2832 ac
1710 2769 1850 2833 foemims

299 2865 329 2924 5.
354 2860 491 2941 Affertur
514 2858 591 2920 ratio
613 2859 735 2922 ulterior
761 2861 956 2924 conclusionis.
985 2894 1025 2910 -
1078 2861 1249 2942 suspectis3
1266 2860 1525 2939 proutindicetur
1543 2861 1603 2922 illis
1625 2864 1741 2938 verbis,
1769 2888 1785 2924 r
1809 2868 1849 2927 de

260 2953 398 3028 Accedit,
413 2954 496 3032 quod
511 2971 550 3014 err
564 2959 707 3034 suspecta
722 2955 955 3016 conversatione
966 2955 1025 3017 cle·
1072 2957 1192 3038 ,quibus
1207 2953 1340 3034 suspicio
1356 2971 1424 3015 esse
1438 2959 1551 3034 potest,
1566 2975 1581 3014 a
1605 2961 1664 3018 etc.
1688 2957 1778 3034 Ouia,
1795 2959 1850 3020 nbi

261 3051 395 3114 nieorum
409 3066 479 3110 cum
494 3047 629 3109 toeminis
644 3047 908 3110 scandalizaretur
927 3067 1027 3130 popu·
1079 3048 1216 3112 foemina
1245 3051 1318 3108 aunt
1338 3053 1505 3124 suspecta,
1536 3054 1619 3108 recte
1642 3051 1853 3129 prohibentur

260 3147 322 3223 lus,
339 3144 475 3224 dignitas
488 3141 639 3204 clericalis
653 3141 825 3216 vilesceret,
849 3149 942 3222 atque
963 3144 1028 3223 lap
1080 3161 1152 3206 cum
1166 3140 1284 3202 clericis
1298 3157 1437 3216 manere,
1454 3139 1594 3216 quamvis
1609 3137 1709 3203 forent
1720 3149 1851 3216 matres,

262 3256 315 3300 sus
338 3235 470 3298 carnalis
495 3235 667 3314 periculum
696 3233 894 3297 subintraret.
928 3258 943 3296 u
969 3237 1027 3299 Ubi
1081 3237 1195 3306 amite,
1211 3233 1263 3296 rel
1282 3247 1406 3294 sorores
1420 3232 1576 3313 ipsorum:
1593 3232 1687 3314 idque
1709 3236 1751 3296 ob
1770 3237 1853 3316 peri-

262 3332 346 3395 enim
359 3329 429 3394 tulis
442 3328 535 3390 fuerit
548 3327 807 3390 commorantium
827 3327 1024 3404 cohabitatio,
1081 3329 1185 3390 culum
1203 3326 1445 3401 incontinentiae,
1468 3345 1538 3387 cum
1563 3349 1579 3385 c
1598 3327 1765 3409 instigante
1784 3329 1855 3389 dia-

263 3421 382 3502 antiqui
396 3419 492 3483 hostis
511 3418 626 3480 stimuli
647 3435 711 3478 uon
734 3419 858 3492 desunt,
882 3441 899 3480 n
924 3427 959 3482 ut
980 3421 1028 3482 in·
1081 3421 1153 3483 holo
1168 3424 1200 3483 et
1217 3420 1249 3480 in
1272 3419 1333 3480 illis
1356 3419 1457 3481 scelus
1479 3425 1694 3499 perpetretum
1713 3423 1855 3500 reperia-

263 3517 331 3598 quit
343 3515 373 3578 S.
397 3511 562 3592 Gregorius
585 3509 701 3572 relatus
724 3511 777 3572 cit.
803 3530 872 3574 cen.
898 3512 1026 3594 Oportet.
1081 3521 1170 3593 tur,n
1188 3521 1247 3575 etc.
1263 3512 1855 3595 proutihidemsubjungitur.llcontra

263 3611 335 3674 dist.
351 3611 401 3670 et.
416 3605 479 3668 Nec
494 3607 550 3680 est,
568 3603 652 3682 quod
667 3603 735 3680 quis
750 3604 866 3668 viribus
880 3606 944 3667 auis
958 3624 1029 3667 con·
1082 3605 1135 3669 elii
1154 3623 1290 3668 canones
1312 3605 1451 3684 proximo
1474 3605 1598 3685 allegati
1622 3608 1793 3686 loquuntur
1815 3609 1855 3670 de

264 3703 360 3766 fidet:
376 3716 448 3762 cum
462 3696 565 3758 nudus
585 3697 703 3758 Daride
727 3699 923 3774 sanctiorem,
944 3701 1030 3762 Sam·
1083 3698 1141 3763 illis
1153 3697 1300 3772 ioemiuis,
1317 3698 1356 3760 de
1371 3698 1484 3778 quibus
1498 3699 1583 3758 nulle
1597 3699 1704 3762 subest
1717 3701 1855 3780 suspicio

265 3813 342 3858 sone
354 3793 524 3863 fortiorem,
548 3797 602 3851 aut
624 3791 789 3856 Smomone
810 3793 1029 3872 sapientiorem
1082 3793 1176 3857 meli:
1194 3794 1300 3871 sicque
1315 3808 1386 3852 oum
1402 3789 1522 3851 clericis
1536 3793 1779 3870 pronecessario
1790 3813 1857 3856 ser-

266 3906 334 3951 sese
349 3903 537 3965 presumere
551 3883 676 3962 dehent,
692 3901 771 3964 quos
795 3903 902 3947 omnes
926 3893 1030 3948 tamen
1083 3887 1168 3964 vitio,
1185 3892 1238 3948 eut
1257 3901 1366 3946 earum
1385 3883 1518 3946 honesta
1532 3886 1769 3958 sustentatione,
1787 3903 1858 3948 ma·

266 3979 390 4041 incauta
404 3977 569 4039 mulierum
582 3975 787 4052 conversatio,
798 3977 990 4039 temiliaritaa
1000 3983 1031 4040 et
1085 3999 1158 4042 nere
1174 3978 1404 4059 permittuntur.

266 4079 421 4154 aspectus,
436 4071 467 4132 in
482 4071 613 4132 materia
625 4069 745 4131 lubrica
755 4070 866 4133 cadere
877 4070 958 4136 iecit.
970 4072 1032 4135 No·
1124 4077 1154 4136 8.
1177 4071 1313 4152 Idemque
1326 4069 1476 4148 decadum
1490 4068 1527 4132 ds
1544 4069 1611 4132 aliis
1628 4069 1738 4132 idoneis
1755 4072 1857 4149 somi-

268 4173 335 4230 tum
349 4164 463 4244 quippe
479 4167 527 4225 est
540 4161 615 4224 illud
631 4161 836 4237 Ecclesiastico,
853 4181 900 4238 111,
915 4170 964 4227 nt.
978 4164 1035 4241 Oui
1085 4167 1131 4230 nis
1151 4185 1208 4227 non
1228 4164 1374 4246 senpectis.
1400 4198 1439 4211 -
1458 4165 1551 4246 Resp.
1577 4167 1625 4226 lll.
1651 4165 1766 4226 Prater
1788 4165 1860 4225 illas

268 4268 348 4324 omot
362 4257 533 4341 periculum,
548 4255 656 4338 peribit
669 4254 700 4316 in
716 4255 775 4316 illo.
791 4257 830 4317 Et
844 4263 910 4318 esto
928 4257 1033 4338 lapsus
1086 4263 1232 4324 ioeminas
1246 4277 1310 4319 non
1324 4262 1497 4339 suspectas,
1508 4277 1587 4337 quae
1601 4273 1738 4318 canones
1752 4258 1860 4318 nomi-

268 4353 359 4426 absit,
374 4357 556 4413 nontamen
571 4348 1034 4431 ebestlepsussuspioio,quam
1087 4357 1184 4417 natim
1200 4351 1385 4430 concedunt,
1411 4352 1506 4414 etiam
1526 4351 1645 4414 licitum
1667 4355 1715 4412 est
1729 4351 1860 4413 Clericis

269 4447 461 4528 ipsamsecri
475 4463 611 4508 canones
621 4445 902 4526 graviterrolunta
917 4447 1035 4509 clericis
1088 4449 1171 4511 domi
1187 4447 1320 4508 retinere
1335 4445 1422 4521 alias,
1439 4445 1478 4506 de
1493 4443 1605 4524 quihus
1619 4443 1704 4504 nulle
1719 4443 1861 4523 prudens

270 4559 339 4606 esse
354 4539 497 4600 alienam.
1090 4538 1224 4621 suspicio
1239 4536 1314 4599 toedi
1329 4535 1467 4598 criminis
1482 4536 1603 4616 concipi
1613 4537 1726 4614 potest.
1742 4537 1861 4598 ‘textus

310 4637 341 4696 6.
364 4633 492 4698 Possunt
505 4640 598 4694 tomen
611 4632 710 4696 clerici
727 4632 772 4696 rei
788 4632 948 4698 domesticos
969 4655 1037 4716 gro·
1091 4638 1138 4696 est
1151 4631 1184 4693 iu
1197 4631 1249 4692 cit.
1267 4647 1336 4692 can.
1352 4628 1522 4692 Interdim't.
1539 4629 1610 4690 dist.
1626 4631 1676 4692 82.
1693 4628 1748 4691 ubi
1762 4647 1862 4710 syno-

272 4729 313 4792 tio
328 4727 359 4790 in
372 4725 457 4788 domo
474 4745 528 4786 suo
551 4725 654 4790 dobere
676 4726 826 4788 mnlr'ercm
848 4745 905 4788 non
927 4747 1039 4810 suspen
1091 4725 1150 4787 dus
1162 4724 1287 4786 Nicaena
1301 4731 1416 4805 preter
1424 4731 1567 4797 matrem,
1581 4723 1722 4799 amitam,
1739 4724 1861 4786 uetiam

273 4830 345 4901 tom,
361 4839 389 4883 c.
406 4839 436 4900 p.
452 4826 586 4896 matrem
601 4820 735 4892 amitam,
750 4827 801 4881 etc.
818 4853 857 4870 ·-
874 4821 967 4901 Resp.
987 4824 1036 4884 lll.
1092 4835 1146 4880 aas
1172 4817 1301 4880 idoneas
1328 4835 1489 4896 personas,
1508 4834 1579 4896 qua
1606 4816 1730 4904 tugiam
1757 4817 1860 4896 suspi-

272 4913 442 4978 Premissis
456 4921 561 4974 nmen
575 4929 638 4973 non
653 4912 846 4975 obstantibus
860 4913 978 4976 licitum
991 4918 1040 4978 est
1093 4913 1212 4987 cinnes,
1229 4933 1244 4970 n
1269 4911 1390 4973 clericis
1417 4911 1533 4972 habere
1561 4909 1728 4988 permisit:
1751 4911 1862 4990 juncta

272 5009 402 5082 clericis,
417 5014 449 5071 et
463 5026 482 5069 a
497 5007 568 5086 jure
591 5023 785 5080 concessum,
810 5005 843 5068 in
866 5005 958 5068 domo
982 5025 1039 5069 sun
1093 5007 1200 5068 Glossa
1224 5005 1299 5067 ibid.
1317 5005 1347 5082 5.
1364 5002 1498 5078 Idoneus,
1512 5004 1598 5066 istud
1612 5005 1861 5084 exemplificante

272 5105 317 5166 rei
331 5100 509 5165 domesticae
524 5099 635 5181 gratie,
651 5116 708 5160 seu
723 5098 763 5159 ob
778 5099 1039 5184 aliudhonestum
1093 5099 1126 5161 in
1149 5096 1297 5160 uxoribus
1320 5115 1482 5159 serrorum
1509 5113 1657 5173 suorum,
1681 5087 1753 5158 can'.
1785 5095 1861 5158 Cum

273 5197 437 5268 motivum,
458 5194 593 5257 retinere
613 5192 682 5254 illas
703 5210 864 5271 personas,
888 5193 952 5256 sive
972 5213 1042 5257 mu·
1095 5189 1244 5265 omnibns,
1280 5189 1350 5252 dist.
1383 5192 1432 5252 81.
1467 5191 1585 5263 Quibus
1625 5188 1698 5250 addi
1730 5199 1863 5269 possunt

274 5287 428 5365 lierculas,
444 5286 478 5348 in
492 5287 604 5365 quibus
617 5283 760 5346 naturale
774 5284 1042 5367 ledusnihilper·
1094 5286 1261 5360 mulieres,
1289 5301 1358 5363 que
1388 5292 1459 5346 sunt
1485 5290 1640 5364 provectae
1668 5281 1790 5356 etatis,
1819 5283 1863 5343 si-

276 5380 371 5445 mittit
383 5379 457 5444 saevi
471 5380 609 5442 criminis
629 5377 791 5459 suspicari.
817 5399 831 5437 n
858 5379 971 5440 Textus
994 5382 1043 5441 est
1095 5379 1222 5459 mulque
1249 5377 1387 5459 probate
1414 5378 1534 5441 virtutis
1562 5395 1600 5439 ac
1624 5375 1760 5456 pietatis,
1792 5395 1861 5458 arg.
