4028 6068
289 297 308 377 ᾖ
327 299 363 360 ιι.
386 297 437 360 DE
457 295 591 372 Renes,
614 295 704 372 011AE
723 295 933 360 remearint
953 295 1132 371 POSSENT,
1154 293 1229 356 VEL
1249 293 1327 358 NON
1348 293 1528 358 POSSENT.
1641 296 1699 360 233

155 437 207 498 bl.
231 434 361 498 Ponitur
386 429 603 514 fondamentum
626 432 772 496 senteotio
794 449 883 512 mpo-
940 430 1049 494 saltem
1062 429 1240 492 immediate
1255 446 1376 492 summo
1391 429 1539 510 pontifici)
1553 429 1704 494 debeatur

117 528 200 592 teba.
231 529 294 592 Per
315 527 552 611 procurationem
579 527 690 590 retiam
715 523 887 588 metationis
940 524 1128 596 obedientia,
1144 530 1176 586 et
1192 526 1347 603 competat
1370 523 1513 588 visitatio.
1536 526 1581 586 lta
1604 523 1705 589 innuit

115 626 243 688 debitam
262 622 336 707 qaid
355 620 542 702 intelligentur.
558 652 599 668 -
613 619 765 700 ldipsum
786 620 826 681 da
843 619 887 680 vi·
940 619 1045 682 Abbas
1059 635 1086 678 c.
1105 616 1180 680 Com
1194 637 1251 678 eon
1264 616 1359 679 licent.
1376 635 1408 677 n.
1430 620 1479 679 tr.
1505 618 1536 680 ιι.
1562 622 1585 678 ι.
1608 621 1704 697 atque

117 719 276 790 sitatiene,
292 723 325 778 et
336 713 554 796 procuratione
573 714 691 774 ratione
705 711 887 775 visitationis
941 731 979 776 ex
992 711 1131 794 professo
1145 712 1238 773 tradit
1250 711 1388 773 Barbosa
1401 715 1481 790 part.
1496 713 1545 774 Ill.
1561 711 1595 774 de
1615 711 1702 793 Ostia.

117 811 220 876 debita
236 810 311 890 <par
329 829 344 866 ι
364 806 613 888 procurationem
628 827 643 864 o
661 805 753 868 istam
772 804 886 866 intelli·
941 811 969 866 et
980 811 1084 885 potest.
1099 802 1223 884 episcop.
1239 803 1363 884 allegat.
1380 805 1449 866 128.
1465 821 1495 866 ιι.
1513 805 1543 866 3.
1566 809 1596 866 el
1614 807 1644 866 b.
1668 821 1705 864 ac

116 904 220 986 gendo
235 902 414 964 moderatas
429 900 599 976 impensas,
610 916 679 980 qnae
694 916 750 980 pro
763 897 887 960 docenti
942 913 1029 978 seqq.
1045 902 1076 959 et
1090 896 1213 976 allegat.
1230 899 1298 960 tec.
1315 913 1347 957 n.
1365 898 1395 958 8.
1412 901 1442 957 et
1455 899 1485 959 s.
1501 913 1538 958 ae
1553 913 1640 975 seqq.
1662 895 1706 956 ci-

116 998 211 1068 victu,
223 1002 321 1074 atque
335 991 574 1066 sustentatione,
587 991 741 1054 debentur
752 989 887 1070 praelatis
941 996 1010 1052 tans
1024 988 1123 1061 alios;
1141 987 1276 1069 Pirhing.
1291 988 1323 1049 ιι.
1339 992 1375 1060 ι.,
1392 1005 1424 1048 ιι.
1440 991 1496 1061 ιιι
1514 987 1611 1066 Engel
1625 1006 1656 1049 ιι.
1672 991 1702 1049 t.

116 1095 259 1168 tempore
270 1085 465 1160 visitationis,
476 1103 546 1146 cum
557 1083 729 1146 meandum
744 1085 851 1163 Apest.
861 1083 886 1143 ι.
941 1087 1054 1150 etalii.
1079 1085 1181 1147 Prima
1204 1104 1276 1164 pers
1301 1083 1495 1148 convincitur
1522 1101 1578 1163 per
1605 1089 1706 1146 textus

118 1179 257 1244 Cerintb.
273 1197 318 1257 ιι,
341 1183 371 1240 ι.
397 1177 492 1240 Nemo
510 1185 633 1260 capetus·
655 1178 714 1240 reo
733 1173 888 1259 stipendiis
941 1201 973 1244 ιι.
988 1185 1038 1246 50.
1054 1183 1149 1243 etet.
1170 1181 1298 1253 allatos;
1322 1178 1475 1259 simulque
1500 1197 1538 1240 ex
1560 1195 1608 1251 ce,
1633 1179 1706 1257 quia
1751 1217 1754 1222 -

115 1275 265 1354 mititare)
288 1273 409 1336 videtur
431 1272 516 1335 clare
538 1272 680 1335 decisum
703 1289 732 1333 c.
754 1271 829 1334 Cam
850 1289 888 1334 ee
941 1274 980 1337 ad
995 1274 1098 1334 minus
1113 1273 1181 1334 talis
1192 1273 1263 1352 jure
1279 1270 1382 1333 divine
1396 1270 1535 1332 manebit
1548 1269 1706 1349 subjectus

116 1368 222 1450 efficti.
248 1371 297 1430 tc.
323 1367 355 1430 h.
384 1368 408 1429 t.
439 1364 567 1428 Accedit
587 1364 677 1444 ratio,
698 1365 773 1445 quia
790 1383 887 1446 praes·
941 1385 1062 1430 summe
1076 1366 1228 1448 pontiflci,
1245 1371 1351 1446 utpote
1371 1363 1463 1442 capiti
1484 1363 1594 1426 visibili
1612 1363 1706 1426 totius

116 1462 239 1524 cribere
267 1464 375 1523 contra
395 1457 603 1522 visitationem
626 1463 658 1522 et
684 1458 887 1538 prescribere
941 1460 1098 1536 Ecclesiae,
1113 1459 1286 1540 Christique
1301 1458 1333 1520 in
1352 1457 1443 1521 terris
1464 1457 1589 1518 vicarie.
1611 1459 1708 1520 Acce-

116 1561 225 1618 contra
250 1553 478 1625 obedientiam
507 1557 543 1617 ut
563 1559 651 1616 nolet
679 1554 786 1616 Glossa
809 1553 884 1616 ibid.
941 1551 995 1625 dit,
1011 1553 1096 1632 quod
1110 1555 1320 1614 monstrosum
1333 1551 1374 1610 sit
1388 1549 1706 1630 cerpusecephalurn,

117 1667 202 1712 vers.
234 1647 431 1710 Votroeooen
453 1667 465 1710 .·
499 1647 584 1726 etqui
607 1651 715 1710 centra
740 1647 892 1710 obedien:
940 1644 999 1709 boc
1014 1651 1071 1722 est,
1087 1645 1153 1706 sins
1168 1645 1290 1724 eapite:
1313 1645 1375 1707 tale
1396 1651 1500 1706 autem
1522 1644 1658 1718 daretur,
1681 1640 1706 1704 si

117 1741 196 1804 tiam
219 1739 379 1820 praescribi
401 1739 519 1818 nequit,
544 1740 596 1800 cit.
618 1757 646 1801 c.
673 1737 748 1804 Cum
770 1759 828 1800 oon
851 1738 888 1800 li·
941 1746 1046 1821 pesset
1073 1739 1232 1819 praescribi
1256 1738 1433 1801 obedientia
1452 1738 1625 1810 extinctive,
1650 1753 1706 1798 seu

117 1840 190 1894 acet.
217 1833 252 1894 ιι.
276 1838 299 1895 ι.
326 1830 505 1892 Procuratie
523 1835 629 1892 sulem
647 1834 695 1894 est
715 1830 889 1894 accessoria
941 1841 1084 1914 respectu
1112 1833 1271 1908 emnium;
1298 1851 1384 1912 erge.
1410 1831 1515 1896 Altera
1538 1849 1612 1892 vero
1635 1847 1707 1909 pars

119 1925 161 1987 ad
175 1925 404 1998 visitationem,
420 1927 530 2004 estque
544 1923 628 1985 omni
639 1924 711 2004 jura
726 1925 830 1987 debita
844 1924 888 1987 vi·
943 1927 1092 1990 suadetur
1106 1945 1161 2006 pcr
1173 1929 1276 1990 textus
1289 1945 1322 1986 ιι.
1349 1924 1482 2006 praced.
1510 1923 1630 1996 citatos,
1655 1921 1706 2002 qui

118 2019 320 2097 stratoribus,
343 2019 430 2098 juxta
454 2020 609 2080 sanctum.
623 2018 805 2096 Apostolum
827 2019 886 2080 loe.
942 2023 1002 2084 bac
1015 2023 1135 2085 ratione
1154 2023 1235 2084 bene
1257 2038 1327 2082 cum
1346 2018 1500 2100 prioribus
1520 2017 1708 2080 concordan-

118 2113 171 2174 cit.
188 2130 263 2172 cum
284 2111 515 2174 concordanliis
532 2129 539 2172 ι
555 2111 639 2174 unde
654 2113 769 2191 pariter
783 2118 890 2176 cenna
943 2123 1004 2189 tur,
1020 2114 1164 2188 dicendo,
1180 2112 1264 2194 qnod
1284 2112 1410 2193 quidem
1433 2117 1541 2172 contra
1560 2109 1708 2172 obedien-

119 2205 375 2286 preourationem
399 2204 507 2284 nequit
533 2204 704 2285 procedere
727 2206 889 2286 prascrip-
942 2209 1018 2271 ιιιιιι
1052 2209 1150 2288 pessit
1182 2207 1293 2286 aliquis
1327 2205 1469 2266 subditus
1507 2202 1708 2284 praescribere

118 2301 175 2363 tio-
943 2302 1133 2375 translativa,
1148 2321 1211 2363 non
1227 2319 1300 2363 vero
1315 2300 1488 2364 extinctive.

157 2397 211 2456 52.
235 2389 416 2455 Sententiam
430 2389 645 2472 affirmativam
667 2392 802 2455 uidentur
821 2411 889 2456 cec-
983 2399 1033 2458 et.
1056 2395 1128 2457 Atto
1141 2393 1286 2476 responsio
1307 2401 1335 2455 et
1348 2393 1465 2475 jurium
1488 2390 1639 2453 concordie
1661 2409 1708 2452 ee·

118 2488 238 2550 ainoere
258 2485 354 2568 aliqui
375 2491 470 2546 testea
491 2484 586 2567 juria.
610 2517 650 2532 -
669 2487 891 2550 affirmativam
944 2489 1051 2570 fertur.
1074 2521 1115 2538 -·
1136 2488 1192 2549 Vel
1213 2486 1344 2568 posteris
1366 2487 1482 2561 dicere,
1505 2485 1538 2547 ιιι
1559 2485 1611 2548 tali
1634 2503 1710 2548 casn

118 2585 251 2646 econtra
280 2579 487 2655 sententiam,
515 2579 659 2642 videlicet
685 2587 793 2642 eontra
818 2581 891 2642 talia
945 2601 1008 2644 non
1021 2581 1179 2643 subditum
1194 2579 1297 2658 ipsum
1312 2577 1511 2659 praescribere
1521 2581 1628 2640 centra
1638 2575 1710 2638 obe-

117 2674 294 2758 precedere
309 2673 593 2753 praescriptionem,
609 2673 753 2736 videntur
766 2674 892 2737 convin-
945 2674 1093 2738 dientiam
1108 2674 1226 2754 prelati
1242 2674 1273 2753 (e
1287 2691 1358 2750 cam
1372 2691 1437 2736 non
1458 2671 1550 2736 liceat
1570 2692 1587 2734 a
1609 2672 1710 2751 capite

117 2787 191 2832 carc
215 2766 270 2830 alii
294 2769 396 2829 textus
415 2765 506 2846 juris.
522 2767 683 2846 Imprimis
697 2767 790 2839 ιιιιιιι,
807 2768 891 2848 qued
944 2767 1086 2830 membro
1101 2767 1259 2841 recedere,
1275 2790 1289 2828 o
1308 2769 1394 2845 iuxta
1414 2773 1531 2830 textum
1553 2767 1585 2828 in
1605 2767 1657 2829 cit.
1680 2782 1707 2828 c.

117 2861 226 2922 omnia
237 2860 311 2939 jura
326 2857 513 2939 episcopalia
530 2859 651 2940 possint
664 2860 821 2940 praescribi
835 2879 892 2942 per
947 2861 1021 2929 Cum
1034 2881 1091 2924 neo
1106 2861 1200 2925 liceat.
1218 2862 1250 2924 ιι.
1267 2864 1304 2941 ι.)
1319 2862 1375 2923 sed
1389 2862 1492 2940 potius
1506 2863 1638 2925 altarum
1659 2879 1711 2923 su·

118 2955 304 3017 interieram
327 2951 493 3032 episcope,
518 2970 547 3013 v.
573 2971 603 3034 g.
634 2971 691 3033 per
717 2953 889 3028 Abbalem3
945 2955 1119 3036 perierem,
1144 2953 1195 3015 cui
1214 2954 1357 3015 subditus
1380 2953 1431 3014 ille
1452 2969 1521 3015 sese
1539 2952 1711 3014 voluntarie

120 3053 224 3110 textus
239 3045 343 3106 clarus
357 3051 404 3108 est
418 3045 449 3106 in
469 3063 499 3106 c.
513 3044 643 3108 Audita.
660 3051 709 3126 lb,
727 3055 757 3111 et
771 3069 797 3111 c.
817 3048 892 3112 Cam
946 3045 1087 3124 subjecit,
1104 3045 1233 3125 ejusque
1247 3044 1454 3106 visitationem
1467 3044 1603 3122 admisit,
1619 3061 1712 3122 pras·

118 3141 202 3204 otro.
219 3142 271 3212 to,
288 3137 319 3198 h.
333 3143 368 3214 t,
385 3143 417 3199 et
430 3137 522 3200 alibi:
539 3141 624 3218 atqui
638 3139 796 3220 interjnra
811 3141 892 3222 opis·
946 3135 1065 3200 cribere
1080 3141 1187 3200 centra
1202 3137 1337 3216 priorem
1351 3138 1514 3218 praelatum
1528 3137 1636 3217 ipsius,
1657 3154 1712 3215 per

119 3233 247 3314 cepalia
272 3248 418 3310 expressa
441 3239 681 3294 connumeratur
704 3233 891 3311 obedientia,
946 3233 1071 3310 tempus
1085 3229 1125 3290 ad
1139 3228 1402 3309 prescriptionem
1418 3229 1574 3290 sufficiens
1587 3246 1650 3288 non
1664 3245 1713 3289 rs·

122 3327 275 3396 visitatio,
299 3326 331 3385 et
353 3323 542 3402 procuratio,
564 3342 592 3386 c.
616 3323 824 3408 Conquereete.
842 3329 890 3389 lb.
946 3324 1144 3386 clamantem.
1157 3326 1256 3402 Atque
1271 3322 1351 3384 hanc
1366 3323 1572 3402 posteriorem
1586 3338 1714 3400 respon·

118 3419 156 3482 de
171 3416 268 3500 Offic.
287 3414 431 3480 Ordiner.
454 3433 529 3495 erge
551 3422 581 3484 et
603 3416 652 3478 hee
673 3418 822 3497 prescribi
837 3435 894 3497 po·
948 3417 1078 3493 sionem,
1105 3434 1160 3478 seu
1189 3417 1442 3480 concordantiam
1468 3422 1609 3477 textuum
1633 3413 1713 3492 juris

118 3517 241 3576 terunt.
261 3508 397 3572 Accedit.
415 3511 498 3588 qnod
513 3509 545 3572 in
559 3529 587 3572 c.
603 3509 679 3573 Cum
692 3511 772 3574 olim.
787 3512 806 3592 §
821 3511 894 3587 (ieie
948 3527 1042 3588 supra
1056 3509 1271 3588 allegatorem,
1288 3510 1438 3588 approbat
1452 3509 1559 3570 Glossa
1583 3527 1610 3568 c.
1638 3505 1714 3570 Cum

120 3625 200 3670 cero.
218 3609 271 3676 tt,
286 3601 321 3666 de
334 3601 477 3683 Prieilep.
493 3606 525 3666 el
539 3621 567 3666 c.
579 3603 654 3668 Cum
667 3623 809 3685 pasena.
821 3606 891 3668 eod.
948 3603 1027 3666 otim.
1052 3606 1100 3666 tt.
1126 3607 1157 3680 ι.
1179 3601 1419 3684 Proscripsieeet.
1448 3599 1484 3664 de
1510 3600 1651 3682 Prieilep.
1682 3601 1713 3661 at

119 3703 152 3761 ιιι
166 3705 198 3762 6.
215 3713 365 3776 expresse
379 3695 509 3772 dicatur,
525 3713 618 3776 pesse
632 3697 821 3771 libertatem,
837 3715 894 3760 sen
949 3697 1086 3758 Barbosa
1100 3697 1150 3758 cit.
1171 3696 1295 3777 allegat.
1320 3699 1388 3772 tna,
1408 3715 1441 3757 ιι.
1463 3699 1501 3758 tt
1519 3699 1551 3758 et
1568 3698 1617 3758 lb.
1638 3694 1714 3758 alle-

119 3791 359 3872 exemptionem
377 3789 639 3870 ajurisdiotiene,
655 3794 688 3854 et
700 3791 894 3870 subjectione
948 3806 1029 3871 gens
1052 3789 1139 3850 alios.
1168 3793 1268 3870 Atque
1289 3789 1356 3852 bae
1380 3789 1532 3870 posterior
1553 3789 1713 3869 responsio

120 3885 276 3968 episcopi,
293 3889 326 3946 ιι
338 3891 567 3962 consequenter
581 3883 621 3946 ab
636 3884 705 3962 ejus
720 3886 894 3950 obedientia
949 3885 1097 3947 suadetur
1110 3901 1147 3946 ιιι
1167 3901 1194 3945 ι.
1214 3884 1290 3946 Cam
1308 3889 1346 3945 ιιι
1362 3884 1464 3965 efficii.
1486 3887 1535 3947 te.
1558 3885 1591 3946 ιι.
1613 3889 1635 3945 ι.
1660 3883 1714 3943 ubi

120 3971 376 4050 et'visitatiene,
400 3977 571 4058 presenti.
594 3980 725 4058 Insuper
747 3981 780 4042 ιιι
800 3999 827 4042 ι.
852 3980 896 4044 oe
949 3979 1079 4042 dicitur:
1100 3978 1206 4040 «Gom
1220 3979 1328 4040 centra
1349 3977 1600 4056 procurationem
1618 3993 1714 4057 prees-

119 4081 245 4159 quurto.
262 4075 292 4133 t.
308 4070 341 4131 ιι.
358 4077 380 4132 ι.
396 4088 468 4132 cum
482 4071 709 4134 concordantiis
723 4074 896 4136 admittitur
950 4074 1024 4136 cribi
1052 4072 1226 4152 nequiverit
1239 4115 1249 4146 ,
1282 4089 1340 4133 nec
1374 4075 1482 4134 contra
1508 4070 1713 4133 visitationem

119 4165 321 4248 praescriptio
343 4164 547 4244 exemptionis
569 4183 589 4226 a
611 4165 761 4228 solvenda
785 4173 895 4247 quarta
950 4168 1060 4248 ipsam,
1076 4167 1132 4228 elsi
1147 4166 1342 4226 aliuseentra
1357 4162 1716 4243 eumprascriberepes·

118 4261 330 4332 decimarum,
353 4275 391 4319 ac
413 4257 619 4332 funeralium,
643 4275 680 4320 ac
702 4260 893 4340 hujusmodi.
950 4263 1185 4339 salubremque.
1203 4281 1217 4318 o
1236 4256 1483 4336 Quemquamad
1499 4257 1568 4331 boc,
1592 4260 1626 4317 ut
1646 4254 1716 4334 quis

118 4353 223 4436 Igitur
237 4369 293 4430 pro
308 4349 474 4412 concordia
493 4350 606 4412 horum
621 4355 775 4426 textuum,
895 4387 899 4398 ·
949 4354 1070 4416 dicatur
1084 4372 1142 4433 per
1155 4352 1418 4433 praescriptionem
1440 4349 1618 4412 immediata
1640 4347 1714 4410 sub-

163 4445 216 4506 53.
238 4439 333 4504 Nemo
344 4447 440 4522 petest
450 4441 895 4522 proscribereeeetreobediee·
946 4448 1048 4527 jactus
1061 4445 1207 4508 Ecclesia
1230 4461 1380 4517 romana,
1400 4447 1493 4523 alque
1515 4443 1556 4504 ab
1580 4441 1715 4521 episcopi

121 4538 199 4600 bem
225 4542 254 4596 et
280 4533 473 4596 obiteeenem
501 4535 669 4609 ectrnctree,
706 4537 773 4600 benc
801 4544 897 4602 tomen
947 4537 1161 4618 jurisdictione
1176 4540 1349 4616 exemptus,
1365 4534 1551 4614 requiratur,
1573 4532 1657 4612 quod
1675 4533 1715 4594 ab

120 4625 311 4690 monsletive.
327 4625 421 4709 quue
433 4626 613 4690 declaretur.
625 4629 764 4708 -llesp
780 4632 816 4692 ll.
832 4630 897 4694 Etsi
950 4627 1087 4692 Ecclesia
1107 4645 1236 4690 romana
1260 4626 1353 4704 (idam
1375 4633 1496 4688 servata
1517 4625 1717 4707 proportione

119 4735 221 4782 neme
235 4719 438 4798 prescribere
449 4719 546 4804 possit
556 4726 665 4782 eontra
674 4721 895 4798 obedientiam,
951 4722 1118 4784 dicendum
1132 4721 1171 4783 ds
1185 4721 1246 4782 alio
1261 4719 1399 4798 pratulo)
1414 4719 1539 4782 babitus
1552 4719 1654 4795 inerit,
1669 4725 1719 4782 at·

120 4817 156 4875 et
176 4811 390 4873 visitationem
411 4811 597 4874 ιιιιιιιιιιιι
621 4813 665 4875 ιιι
686 4813 838 4890 videlicet,
863 4819 899 4878 ut
952 4817 1175 4896 quatrectates
1189 4821 1338 4893 tanquam
1351 4812 1550 4876 immediatus
1563 4811 1715 4884 subditus,

120 4903 268 4968 obtineat
290 4903 504 4966 omnimodam
526 4911 557 4967 et
577 4905 752 4968 absolutam
774 4926 899 4989 exemp·
953 4926 1016 4970 nen
1036 4912 1141 4971 aulem
1166 4907 1362 4969 solummodo
1383 4912 1419 4968 ut
1445 4907 1586 4969 subditus
1614 4905 1717 4985 quoad

118 4999 247 5062 tionem
262 4998 564 5076 respectuemniem
584 4999 778 5078 superiorum
799 5001 900 5064 acola-
952 5002 1177 5081 subjectionem
1212 4999 1440 5074 universalem,
1475 4989 1588 5078 quam'
1602 4999 1719 5061 babent

120 5089 346 5161 siasticerum,
370 5097 505 5171 atquae
528 5092 615 5154 nullo
643 5109 751 5154 aerum
782 5093 897 5158 visitari
954 5111 1062 5158 omnes
1075 5093 1184 5156 Christi
1197 5092 1306 5155 fideles
1322 5110 1396 5173 erga
1408 5102 1547 5157 ιιιιιιιιιι
1556 5111 1718 5156 romanam

121 5183 252 5246 valeat:
276 5183 478 5244 nihilominus
502 5184 647 5261 visitatio,
670 5191 702 5248 et
723 5186 898 5253 obedientia
953 5187 1135 5261 Ecclesiam,
1151 5185 1245 5248 veluti
1260 5191 1392 5249 matrem
1406 5195 1437 5250 et
1454 5188 1633 5268 magistram
1652 5205 1720 5247 om-

120 5275 343 5358 snperioribns
361 5276 477 5353 debita,
498 5283 602 5359 petest
621 5279 780 5358 prescribi
801 5286 900 5342 trans-
952 5280 1039 5342 nium
1054 5280 1273 5342 Ecclesiarum.

118 5371 242 5432 latire:
258 5371 301 5432 ιιι
313 5370 471 5448 nimirum,
487 5373 635 5445 ntei‘eri,
647 5389 742 5451 quom
751 5374 898 5454 episcopo
993 5376 1044 5436 bb.
1066 5372 1209 5436 Subditae
1222 5393 1339 5437 menore
1352 5372 1479 5436 subditas
1499 5372 1601 5454 aequit
1622 5371 1654 5434 ie
1674 5384 1719 5436 to·

119 5467 228 5560 (puta,
244 5463 373 5544 prealato
392 5465 538 5546 regulari,
555 5471 609 5530 ant
623 5466 675 5530 alii
688 5467 828 5548 prelato,
849 5469 899 5530 vel
953 5476 1013 5532 tam
1044 5467 1233 5551 proewmbere
1265 5467 1474 5552 acceptionem
1503 5487 1523 5530 o
1555 5469 1712 5532 neomeniae
