4016 6056
238 217 710 296 uncuffl,·01tmrtl'uottns
723 220 773 284 ΕΤ
784 219 1099 287 commemorare
1112 221 1390 287 utrumnam
1403 221 1660 288 apostolice.
1681 229 1741 292 573

154 367 231 414 care
250 351 423 434 contigerit,
443 353 566 416 etiamsi
588 361 709 419 vacent.
730 356 923 418 Decernente
976 353 1060 433 otte,
1076 360 1107 418 et
1120 353 1208 418 Sedis
1221 354 1398 436 apostolica
1410 355 1743 437 beneplacitumqnae·

153 443 288 520 irritum,
306 451 396 509 etco
976 465 1100 528 cunque
1131 449 1287 558 plenarias
1320 449 1529 558 indulgentias
1555 450 1596 514 ab
1609 449 1742 558 'eisdem

154 593 201 656 ne
220 593 357 658 cascos
375 593 513 678 pesce
533 596 564 658 a
585 595 688 660 attere
710 596 921 680 responsum.
975 541 1441 716 fflfffffiffiffflss
1459 548 1741 702 ffisffimuffs

195 732 246 792 ct.
273 731 378 792 altem
391 729 500 805 voluit,
514 731 639 812 quodsi
653 732 923 812 petaturaliqucm
978 725 1093 802 hostes,
1115 729 1140 791 si
1165 747 1233 809 quse
1257 748 1313 812 per
1334 731 1475 807 nuutios,
1497 731 1548 794 vel
1571 731 1740 811 questoras

153 820 188 882 in
202 820 388 902 religionem
400 824 497 904 recipi
511 828 543 888 et
556 826 614 888 sibi
628 827 668 889 de
682 825 791 906 quovis
804 825 923 890 bened·
975 820 1205 896 deferebantur,
1221 841 1279 887 nec
1294 843 1357 888 nou
1371 823 1552 906 deputandi,
1565 828 1596 887 et
1605 823 1740 908 eligendi

152 914 204 976 cio
217 914 428 978 ecdesiastioo
440 915 595 996 provideri
612 936 670 999 per
689 918 863 1000 simplicem
880 918 922 981 si·
975 915 1179 992 confessores,
1199 919 1251 998 qui
1274 918 1414 997 plenarie
1434 917 1605 994 absolvant,
1627 921 1660 981 et
1678 919 1739 982 alia

152 1013 322 1088 gesturam
335 1008 417 1083 Fiat,
432 1010 570 1091 receptio
584 1012 763 1094 hujusmodi
772 1015 922 1078 duntaxat
973 1007 1100 1088 faciant,
1122 1010 1163 1072 ad
1182 1011 1364 1074 earumdem
1390 1011 1653 1093 indulgentiarum
1671 1029 1740 1076 eus·

150 1101 256 1177 aletur,
271 1101 407 1180 adiecto,
421 1103 921 1184 eipetensidoneussit,eutaliud
973 1121 1142 1182 pensarum
1165 1105 1322 1181 aflectum,
1344 1104 1543 1187 reliquasque
1564 1104 1737 1182 facultates,

151 1194 340 1258 mannicum
364 1213 430 1259 non
456 1197 598 1273 obsistat,
621 1208 654 1265 et
680 1203 869 1283 exprimatur
894 1199 921 1264 ei
973 1195 1057 1276 ipsae
1070 1195 1279 1277 indulgentias
1297 1198 1532 1280 quomodolibet
1549 1215 1739 1263 concernen-

150 1291 257 1350 certus
278 1305 429 1351 numerus
448 1293 638 1372 regularium
659 1294 700 1358 eit
720 1295 849 1368 ibidem,
869 1294 919 1356 cui
973 1296 1031 1368 tos,
1046 1297 1256 1372 preterquam
1270 1293 1374 1373 quoad
1387 1309 1436 1372 aa,
1456 1294 1489 1355 iu
1509 1293 1622 1374 quibus
1640 1293 1740 1358 indul·

151 1381 248 1444 ctiarn
271 1399 336 1446 non
357 1383 537 1466 derogetur,
558 1386 618 1449 nisi
642 1405 789 1470 expressa
809 1405 920 1452 conce·
973 1383 1097 1466 gentioe,
1115 1389 1146 1448 et
1158 1385 1320 1450 facultates
1334 1385 1366 1448 in
1380 1387 1484 1466 aliqua
1502 1387 1550 1450 eui
1569 1393 1656 1467 parte
1677 1387 1738 1451 sint

150 1475 256 1552 datur,
272 1480 305 1539 et
318 1477 344 1540 si
357 1497 507 1542 numerus
526 1481 586 1543 isle
607 1500 669 1544 nou
688 1484 810 1557 existat,
824 1501 919 1563 pone·
973 1480 1087 1542 sortite
1111 1477 1268 1542 effectum.
1289 1481 1333 1542 lte
1357 1485 1391 1542 ut
1411 1479 1483 1554 illis,
1503 1480 1556 1560 qui
1574 1480 1738 1560 implentes

149 1569 202 1629 tur
219 1587 226 1629 :
242 1569 418 1634 Dummodo
431 1574 617 1653 receptionis
635 1576 723 1639 locus
739 1574 918 1655 hujusmodi
972 1572 1110 1650 injuncta
1125 1573 1169 1636 eis
1184 1573 1216 1634 iu
1229 1572 1337 1636 litteris
1351 1572 1613 1658 indulgentiarum
1631 1574 1738 1654 hujus·

148 1659 295 1739 nimium,
309 1669 475 1743 propterea
487 1683 551 1727 nou
565 1673 721 1746 gravetur.
734 1667 918 1746 Possiutque
971 1665 1056 1728 modi
1067 1665 1134 1745 jam
1148 1666 1306 1730 consecuti
1319 1672 1391 1728 sunt
1404 1665 1583 1730 facultatem
1602 1667 1736 1748 eligendi

149 1757 334 1816 executores
346 1755 529 1834 provisionis
543 1758 733 1839 hujusmodi,
750 1760 792 1823 ad
810 1777 919 1842 recep·
971 1758 1182 1837 confessores,
1207 1759 1260 1840 qui
1283 1759 1446 1822 absolvant
1468 1777 1521 1823 eoa
1544 1761 1681 1842 plenarie
1704 1763 1736 1824 iu

148 1846 270 1909 fflnem
292 1846 467 1909 emissionis
489 1848 699 1930 professionis,
722 1869 786 1915 uon
805 1870 918 1934 expec-
971 1852 1080 1914 mortis
1101 1851 1249 1926 articulo;
1278 1868 1335 1930 per
1356 1851 1534 1932 hujusmodi
1557 1854 1735 1934 cumensis·

149 1941 214 2002 tato
229 1937 420 2019 probationis
432 1958 528 2017 anuo,
544 1943 755 2024 procedere.»
970 1963 1044 2007 nem
1066 1963 1130 2006 nou
1152 1945 1382 2025 prejudicatus
1404 1945 1479 2026 quin
1502 1945 1647 2010 facultade
1669 1949 1736 2029 ipss

970 2038 1015 2100 uti
1037 2039 1156 2118 possint
1177 2038 1210 2100 in
1238 2038 1378 2100 futurum
1407 2057 1415 2100 r
1443 2038 1584 2102 Decrevit
1611 2055 1736 2122 quoquc

969 2131 1100 2210 irritum,
1117 2138 1148 2195 et
1160 2131 1264 2210 inane,
1281 2133 1430 2214 quidquid
1445 2131 1625 2196 facultatum
1646 2151 1735 2196 ravo·

971 2231 1112 2288 caturum
1139 2227 1321 2290 earumdem
1348 2233 1500 2309 pretextu
1526 2226 1558 2290 iu
1577 2234 1735 2308 posterum

295 2083 339 2148 De
359 2084 547 2151 cambrione
565 2088 774 2172 religiosorum.

188 2219 239 2280 60.
268 2238 283 2276 o
295 2220 383 2294 Imm,
398 2219 425 2280 si
437 2218 589 2301 regularis
602 2222 755 2302 petatsibi
768 2222 807 2286 do
821 2221 917 2288 bene·

147 2312 221 2375 ficio
234 2311 276 2374 ab
288 2309 607 2392 aliquomonasterio,
627 2316 677 2379 vel
697 2317 757 2380 elio
779 2318 915 2398 regulari

146 2407 219 2469 loco
239 2407 446 2487 dependente,
466 2409 632 2489 provideri,
653 2418 685 2474 et
708 2417 858 2492 appareat
877 2429 916 2474 ex

146 2500 299 2581 petitione
320 2503 515 2582 hujusmodi,
536 2504 621 2584 quod
643 2503 771 2568 alterius
793 2514 915 2568 marrae·¹

145 2595 231 2671 terii,
245 2596 295 2659 vel
307 2597 368 2658 loci
385 2597 549 2679 religiosus
567 2599 617 2678 sit,
637 2598 710 2662 licet
727 2599 769 2662 ibi
784 2601 915 2664 canela-

144 2689 191 2752 tio
206 2705 271 2752 uon
284 2696 417 2772 petatur,
430 2691 632 2756 nihilomiuus
645 2694 696 2758 ille
709 2693 824 2757 veniat.
839 2717 856 2756 r

338 2839 383 2902 De
402 2839 545 2916 clausola,
567 2841 652 2904 sicet
670 2841 721 2906 ito.

187 2978 238 3036 dl.
265 2993 280 3033 o
293 2976 381 3054 Item,
397 2975 481 3054 quod
492 2976 914 3058 iulittorissuperbsneficiis

144 3085 205 3148 per
231 3067 482 3133 constitutionem
508 3069 920 3146 camerescensem

142 3165 282 3240 ponetur
294 3161 444 3241 clausula,
460 3161 499 3224 Si
511 3171 554 3225 ert
566 3163 619 3238 ito,
636 3163 777 3227 similitor
790 3163 829 3225 de
843 3164 911 3245 qui·

142 3253 331 3332 busoanque
344 3255 476 3318 narratis
496 3253 748 3320 informationem
769 3255 841 3320 fecti
863 3275 913 3320 re·

142 3347 350 3426 quirentibus.
368 3369 383 3407 s

165 3491 279 3556 Petenti
288 3491 439 3575 procidm'
450 3491 487 3556 de
501 3501 651 3573 vacaturo,
668 3493 774 3558 dentur
787 3495 892 3558 titteroe

467 3587 593 3649 ccedet.

180 3723 232 3783 62.
260 3741 275 3779 a
288 3722 365 3782 Item
379 3720 497 3800 petenti
512 3721 570 3784 sibi
584 3721 738 3802 provideri
757 3722 797 3785 de
819 3739 909 3786 vaca·

140 3818 227 3893 turo,
243 3813 355 3877 deutur
367 3813 479 3876 littere
494 3813 534 3876 de
547 3813 682 3893 vacanti,
701 3822 794 3896 prout
817 3833 910 3896 expo-

969 2317 1133 2399 contigerit
1144 2318 1299 2382 atteumri.
1314 2342 1329 2381 a

1028 2463 1178 2529 Revocctr'o
1191 2465 1366 2548 (oculatum
1380 2465 1676 2552 recipiendipretiom

1265 2559 1432 2640 officioram.

1007 2695 1059 2755 bt.
1085 2693 1190 2754 altem
1214 2693 1382 2771 revocavit,
1407 2693 1549 2770 cassavit,
1574 2697 1606 2758 et
1626 2692 1736 2760 mnuf-

966 2785 1052 2860 lavit,
1068 2802 1106 2848 ac
1119 2784 1222 2848 irritae
1236 2783 1407 2850 declaravit
1420 2804 1621 2868 quaecuuque
1637 2787 1736 2853 facul·

966 2882 1057 2956 tates,
1073 2877 1264 2958 percipiendi
1279 2881 1412 2958 pretium
1433 2878 1603 2944 officiorum
1622 2880 1735 2946 Roma

966 2989 1016 3036 nae
1036 2969 1136 3033 Curiae
1160 2987 1218 3049 pro
1239 2973 1381 3051 tempore
1405 2971 1582 3034 vacantium
1604 2973 1636 3034 iu
1656 2978 1732 3053 toto,

966 3063 1017 3128 vel
1029 3063 1062 3124 iu
1075 3066 1174 3143 perta,
1190 3069 1223 3126 et
1234 3065 1362 3144 quasvis
1376 3065 1604 3142 concessiones,
1621 3071 1652 3128 st
1669 3065 1734 3130 ccl·

966 3157 1109 3232 lotiones,
1130 3157 1270 3238 aliasque
1288 3159 1504 3239 dispositiones
1521 3175 1579 3238 per
1604 3158 1656 3222 fal.
1685 3177 1734 3224 m-

965 3267 1030 3314 cor.
1045 3251 1260 3314 innocentium
1279 3253 1341 3314 llll.
1363 3251 1503 3332 aliosque
1523 3250 1732 3330 predecesso-

964 3361 1016 3406 res
1029 3343 1069 3406 de
1083 3343 1174 3406 dictis
1188 3343 1295 3409 officiis
1305 3344 1400 3408 etiam
1410 3361 1449 3407 ex
1457 3344 1508 3406 die
1519 3342 1730 3423 collationum,

965 3435 1213 3512 concessionum,
1238 3441 1270 3500 et
1291 3436 1528 3519 dispositionum
1550 3438 1732 3502 earumdem

964 3531 996 3594 iu
1010 3535 1104 3596 antea
1116 3530 1282 3608 vacaturis,
1294 3530 1326 3594 in
1339 3530 1480 3593 favorem
1493 3547 1729 3612 quarumcuuq;

964 3640 1184 3706 personarum,
1215 3623 1434 3700 ecclesiarum,
1457 3623 1729 3699 monasteriorum,

963 3719 1086 3799 piorum
1110 3719 1268 3798 locorum,
1298 3715 1518 3798 collegiorum,
1542 3735 1600 3779 sen
1621 3735 1731 3781 eorum

962 3832 1162 3889 mensarum,
1185 3813 1281 3876 etiam
1303 3819 1473 3894 perpetuo,
1498 3813 1593 3876 atium
1615 3813 1648 3874 in
1668 3813 1730 3878 vim

962 3912 1150 3982 conuertas,
1165 3912 1198 3969 et
1212 3925 1251 3968 cx
1264 3906 1354 3970 titulo
1369 3922 1513 3984 oneroso,
1529 3914 1561 3972 et
1574 3908 1633 3970 sub
1650 3924 1728 3988 qua-

139 3908 233 3972 dierit
245 3907 465 3988 impetranti.»
590 3972 593 3980 Ι

179 4056 336 4120 decoratio
358 4055 553 4134 decimarum,
577 4066 606 4121 et
624 4057 752 4120 oliorum
774 4058 868 4142 impo-

454 4147 590 4212 ΜΨ
962 4110 1070 4156 eorum
1087 4099 1212 4156 macres
1234 4109 1291 4174 pro
1315 4094 1468 4173 expressis
1491 4093 1598 4156 baberi
1619 4093 1726 4170 voluit,

961 4204 1127 4250 concessas
1147 4189 1179 4250 et
1199 4185 1297 4252 factas
1321 4186 1426 4267 quoad
1446 4186 1559 4262 officia,
1574 4203 1644 4267 quc
1657 4192 1728 4267 post

179 4285 230 4346 63.
258 4283 363 4344 altem
375 4281 532 4346 revocarit
550 4299 751 4366 quascunque
772 4285 908 4349 deeima-
961 4277 1080 4342 obitum
1101 4279 1254 4342 dictorum
1271 4280 1546 4360 predecessorum,
1565 4285 1726 4356 vacarunt,

136 4393 226 4454 rum,
250 4393 309 4438 uec
335 4393 399 4438 non
427 4376 651 4455 subsidiem
676 4379 850 4459 vigesima,
875 4384 909 4445 et
960 4376 992 4436 st
1005 4371 1037 4432 in
1050 4373 1210 4452 posterum
1223 4370 1456 4450 quomodolibet
1470 4370 1633 4436 vocabunt.
1649 4374 1727 4434 ltem
1765 4459 1767 4464 Ι

137 4472 272 4535 aliorum
305 4487 436 4533 onerum
474 4471 688 4552 impositiones
726 4490 764 4537 ex
798 4474 907 4555 quavis
959 4463 1114 4529 r0v⁰0avit
1127 4480 1265 4544 quoque,
1280 4463 1422 4539 memet.
1443 4470 1475 4528 111
1494 4464 1674 4541 mundavit,
1689 4482 1726 4528 αθ

134 4583 234 4628 cause
260 4571 437 4644 emanatas,
458 4567 491 4628 ct
516 4581 717 4647 quaecuuque
744 4567 906 4632 facultates
958 4556 1060 4620 irrites
1078 4557 1246 4621 declaravit
1266 4574 1467 4638 quascunque
1484 4558 1724 4656 infeudationes,

135 4655 453 4740 superdecimarum,
466 4657 637 4738 vigesima,
653 4663 686 4722 et
699 4675 830 4724 onerum
847 4661 907 4722 hs.
958 4651 1168 4726 investituras,
1192 4649 1320 4730 gratias,
1344 4651 1563 4715 concessiones
1587 4669 1726 4734 quoquo·

131 4748 273 4830 jusmodi
297 4752 470 4832 exactione,
495 4753 655 4832 quibusvis
681 4752 849 4831 fructuum,
874 4763 906 4820 et
958 4743 1052 4807 m⁰d⁰
1066 4743 1207 4808 6111111111
1221 4745 1503 4825 fmllhstfuflimsssd
1517 4752 1651 4826 1111111111,
1667 4764 1724 4808 ⁵01¹

133 4849 344 4923 proventuum
366 4845 504 4908 &merae
527 4843 703 4926 apostolicae
728 4844 905 4910 debitorum
957 4837 989 4898 1¹1
1015 4843 1212 4918 perpetuum,
1236 4838 1330 4916 ,11111111
1352 4845 1439 4902 motu
1464 4838 1602 4920 proprio,
1629 4843 1661 4900 11
1683 4838 1723 4902 (1⁰

133 4935 371 5015 collectoribus,
381 4939 413 4999 et
425 4937 604 5017 apostolica
622 4937 711 5001 Sedis
730 4940 847 5004 nundie
867 4958 904 5004 ac
956 4931 1149 5012 Pleniwffiflfl
1162 4932 1334 5011 110111111ῑῦ,
1349 4949 1387 4995 111
1399 4949 1474 4994 111111
1487 4929 1648 5012 111111111111
1666 4931 1723 4994 ‘¹⁰‘

133 5030 254 5094 eisdem
276 5030 559 5110 praedecessoribus
578 5048 752 5096 consessas.
770 5034 904 5114 Suspsn.
956 5025 1182 5106 rogatoriarum
1195 5025 1399 5106 derogatoriis
1413 5027 1513 5106 (extra
1526 5031 1632 5088 tamen
1650 5043 1723 5088 con·

132 5122 182 5186 dit
208 5139 349 5204 quoque,
373 5123 414 5186 ed
441 5125 511 5188 Sue
539 5123 732 5200 sanctitatis,
754 5131 788 5188 at
814 5125 903 5188 Sedis
957 5119 1127 5197 sistorium,
1143 5118 1301 5182 stainos.
1317 5121 1353 5181 lt.
1373 5121 1409 5180 n.
1428 5118 1631 5182 cardinalium
1649 5137 1723 5184 oon·

133 5217 313 5297 apostolicas
327 5216 556 5297 beneplacitum
571 5233 773 5298 quaecunque
794 5216 903 5298 plena·
956 5209 1036 5297 silio,
1062 5213 1094 5276 et
1116 5207 1281 5296 consensu)
1303 5229 1324 5274 a
1345 5208 1397 5274 die
1419 5210 1647 5274 constitutionis
1666 5211 1719 5276 fel.

131 5309 198 5375 rios
212 5309 421 5393 indulgentias
434 5311 475 5374 ab
488 5309 607 5375 eisdem
621 5310 904 5392 predecessoribus
956 5304 1077 5368 record.
1101 5304 1147 5367 Pii
1168 5304 1206 5367 V.
1220 5304 1284 5368 PP.
1305 5303 1542 5383 predecessoris
1561 5305 1609 5367 eui
1627 5323 1721 5387 super

132 5419 311 5470 oenomaus.
322 5403 492 5486 Suspendit
506 5421 642 5490 qnoque,
653 5403 694 5468 ad
703 5402 903 5468 snesancti·
955 5398 1163 5484 prohibitione
1178 5397 1334 5464 abensudi
1347 5404 1379 5463 st
1392 5395 1571 5464 infeudandi
1580 5398 1720 5466 civitates

963 3999 1009 4063 vie
1022 4000 1082 4062 alia
1094 3998 1261 4062 verborum
1274 3998 1385 4077 forma,
1406 4017 1514 4080 quarm
1534 4007 1566 4064 et
1587 3999 1728 4079 praemie-
1853 4029 1859 4042 ·
