4064 6062
438 289 457 369 ξ
475 289 527 392 111..
545 289 596 351 nit
617 287 867 352 ontlnnuloun
888 289 1104 353 ruununu'n
1124 289 1373 354 Pnoutssouu.
1639 291 1698 352 teu

132 423 215 484 minos
233 419 370 503 perlecto.
392 429 444 483 ont
465 440 586 504 prorem
608 417 799 504 indifferent,
823 443 880 484 non
933 443 1007 486 vum
1020 425 1147 505 an'oris
1161 423 1246 499 boni,
1262 423 1312 486 vei
1325 425 1441 487 foetum
1460 423 1500 486 de
1519 435 1553 486 re
1575 424 1698 504 penitus

130 513 236 594 obirent.
245 547 284 560 -
298 513 449 586 Onoeritur
462 516 498 576 11.
514 515 643 586 Quando
665 515 779 596 obliget
796 515 881 596 jure·
934 515 1140 589 indiderenti;
1156 513 1238 577 bone
1252 521 1357 577 tumen
1372 513 1448 576 illud
1465 521 1627 594 eneeptere
1648 531 1699 574 so-

131 613 257 670 mentum
270 609 345 681 Deo,
371 607 418 668 vel
440 606 557 671 bomini
578 609 718 672 factumi
737 611 831 687 Resp.
855 609 878 670 1.
934 609 1094 682 lethomo,
1116 607 1286 670 dummodo
1311 606 1402 669 oednt
1421 607 1453 668 in
1477 625 1566 670 sunm
1589 606 1700 669 utilite·

130 704 331 765 Jurementum
345 699 401 762 soli
415 701 481 764 Deo
495 701 611 764 laetum
625 703 664 764 de
675 720 769 783 opere
778 703 881 784 minus
935 708 1009 777 tem,
1025 701 1179 780 simulque
1194 701 1311 780 absque
1335 703 1464 780 peceato
1486 701 1552 763 fleri
1576 699 1673 780 possit
1690 719 1697 761 ε

132 794 263 874 pertento,
280 797 314 856 et
327 796 417 875 eujus
432 797 610 876 oppositum
632 803 679 859 est
697 797 820 874 melius,
843 797 883 857 si·
935 815 1008 858 nem
1032 797 1064 856 in
1085 797 1263 876 jmemento
1286 796 1403 858 homini
1426 797 1507 860 teoto
1530 801 1697 878 spectetur,

131 891 175 948 eut
186 893 213 949 et
222 886 434 966 juramentum
449 892 513 950 Deo
527 888 644 951 laetum
660 891 698 951 de
712 908 745 951 re
756 907 881 969 prorsus
936 889 1009 970 qnid
1023 888 1066 951 iiii
1081 889 1118 952 sit
1133 889 1265 968 gratius3
1278 888 1609 970 injurementoentem
1618 890 1700 953 lueto

131 978 321 1056 indifferente,
337 997 399 1041 non
411 980 539 1062 obliget.
554 983 600 1043 lin
614 967 739 1043 sen'etus
748 981 882 1043 Thomas
936 985 1011 1060 Deo,
1027 981 1102 1064 quid
1116 982 1244 1055 melins;
1263 999 1347 1062 ergo.
1369 987 1469 1064 Atque
1491 1003 1547 1064 per
1566 985 1626 1048 hoo
1647 1003 1702 1066 pn·

130 1079 155 1135 2.
168 1077 195 1142 Ξ,
210 1091 238 1152 q.
259 1075 310 1150 89,
336 1078 395 1136 nrt.
416 1079 455 1149 '13
472 1074 611 1136 Senebez
631 1074 682 1136 eit.
705 1073 759 1138 lib.
781 1076 830 1138 111.
850 1075 882 1136 iu
935 1081 981 1140 tet
994 1075 1157 1155 disparitas
1171 1075 1358 1152 iuterbene,
1374 1085 1405 1140 et
1423 1079 1557 1158 priorem
1579 1079 1702 1140 eouolu·

131 1165 252 1246 morbo.
277 1183 348 1244 esp.
373 1185 415 1230 rx.
441 1185 473 1227 n.
499 1170 533 1228 11
554 1184 561 1239 ;
592 1167 731 1248 buymnn
754 1167 807 1229 lib.
830 1167 879 1230 IV.
937 1169 1067 1244 sionem,
1084 1175 1176 1251 etque
1190 1169 1493 1251 interjurementum
1506 1173 1582 1246 Deo,
1598 1174 1630 1234 et
1648 1171 1701 1232 bo

135 1257 216 1321 rtet.
241 1259 347 1322 moral.
368 1266 457 1322 treet.
473 1263 522 1324 111.
539 1279 608 1342 esp.
624 1273 667 1338 u,
679 1279 711 1322 n.
732 1263 761 1322 5.
783 1267 814 1324 et
831 1259 883 1322 elii
937 1261 1152 1326 minifestum.

131 1353 334 1415 communiter.
350 1355 444 1434 idque
460 1355 633 1417 desumitur
647 1373 684 1417 ex
694 1373 721 1418 e.
733 1353 881 1418 Peruenit.
976 1355 1026 1417 te.
1049 1354 1208 1426 Debitoree,
1223 1353 1700 1436 qoijnronemnteoloerensnrns,

130 1450 156 1508 3.
169 1446 197 1506 h.
212 1451 233 1507 t.
249 1445 304 1506 nbi
320 1444 451 1508 dieitur:
471 1447 567 1508 «Non
583 1446 665 1508 enim
679 1445 881 1528 propositum,
938 1455 1071 1510 tenentur
1084 1447 1124 1510 od
1133 1467 1233 1510 eornm
1247 1448 1416 1510 solutionem
1424 1468 1439 1528 ,·
1452 1449 1701 1532 pnemoireolotor

132 1541 177 1600 rut
188 1540 374 1618 promissum
388 1537 536 1620 infringit,
553 1539 605 1620 qui
620 1539 653 1600 in
673 1539 786 1601 melins
807 1539 883 1600 illud
937 1549 1064 1624 repetere
1075 1541 1197 1622 possint.
1213 1573 1254 1588 -
1266 1541 1355 1611 Hine,
1371 1539 1443 1601 lieet
1461 1539 1628 1616 debitores,
1648 1541 1701 1619 qui

132 1635 298 1694 commutet.
315 1653 331 1691 n
348 1633 406 1696 Ubi
421 1633 525 1695 Abbes
538 1653 570 1697 n.
593 1637 622 1695 2.
645 1652 701 1714 per
723 1633 756 1714 ly
781 1651 884 1715 epro-
938 1653 972 1696 se
1000 1631 1214 1714 obligovomnt
1237 1631 1276 1694 nd
1301 1631 1463 1694 solvendos
1485 1651 1607 1708 usuros,
1633 1632 1701 1712 oogi

134 1727 259 1798 missum,
274 1747 290 1786 n
309 1727 456 1808 inteiligit
468 1729 654 1810 promissum
672 1730 831 1810 juratum
851 1733 886 1790 ut
937 1745 1001 1789 non
1016 1727 1150 1788 debeant
1163 1727 1204 1788 nd
1218 1745 1326 1788 eurum
1341 1726 1545 1800 solutionem
1566 1742 1603 1786 eo
1618 1723 1703 1804 quod

133 1837 229 1880 sensns
242 1819 291 1883 sit.
316 1841 331 1878 o
344 1822 428 1900 quod
442 1839 505 1883 non
519 1822 633 1885 dieitur
647 1820 818 1902 transgredi
835 1821 885 1900 ju·
939 1821 1022 1883 nulla
1041 1820 1135 1883 luerit
1153 1821 1290 1902 ipserum
1310 1819 1468 1898 obligatio,
1492 1819 1615 1882 turrido
1631 1819 1702 1900 J'nre

132 1915 307 1991 remo-utum,
324 1915 422 1994 quiin
437 1915 547 1976 melius
566 1915 640 1977 iilud
661 1918 881 1996 commutem»
938 1915 1135 1987 dirmetum
1149 1915 1311 1988 canonino,
1334 1914 1431 1976 [ilem.
1455 1933 1508 1975 nn.
1530 1911 1565 1974 de
1588 1911 1700 1986 Uteris,

132 2005 197 2068 elias
211 2005 293 2066 enim
309 2009 412 2068 textus
425 2007 476 2069 ille
489 2026 553 2068 non
567 2007 684 2070 feneret
698 2007 738 2069 ed
752 2007 835 2067 huno
850 2006 885 2067 ti·
938 2025 1009 2069 oum
1025 2005 1186 2068 similibus.
1203 2005 1234 2068 Si
1251 2012 1356 2067 temen
1378 2004 1417 2066 de
1440 2003 1577 2085 ipsorum
1597 2021 1704 2064 usuru-

132 2097 227 2158 tulnm.
254 2097 382 2159 Accedit
399 2099 489 2172 ratio,
509 2099 581 2178 quin
596 2098 810 2176 juramentum
828 2097 884 2160 soli
938 2119 1008 2162 rum
1023 2098 1175 2161 solutione
1195 2099 1377 2178 juraverint,
1400 2097 1531 2180 eogendi
1556 2103 1628 2158 suut
1647 2095 1703 2156 do-

132 2193 186 2252 lleo
197 2191 324 2266 laetum,
341 2191 440 2254 induit
457 2193 603 2253 usturam
624 2191 704 2252 voti:
728 2189 813 2268 atqui
834 2208 886 2252 vo·
939 2192 1024 2252 mino
1038 2191 1169 2253 reddere
1179 2190 1404 2269 juramentum,
1419 2189 1579 2268 dictasque
1594 2203 1704 2247 nsums

133 2291 188 2346 tum
201 2285 237 2346 de
250 2303 285 2346 re
299 2283 478 2364 impeditius
492 2283 619 2362 majoris
633 2281 718 2362 boni,
735 2299 798 2345 non
812 2283 887 2346 obii·
939 2284 1059 2345 solvere
1078 2303 1086 2358 ;
1109 2283 1250 2361 quemvis
1272 2283 1388 2344 solutus
1407 2282 1593 2362 judicialiter
1616 2297 1705 2359 repe·

133 2383 185 2460 get,
200 2379 253 2440 sed
266 2379 352 2441 lioite
367 2377 491 2458 eligitur
504 2377 579 2438 illud
593 2379 695 2456 majus
709 2377 837 2454 bonum,
856 2392 884 2439 e.
939 2365 1005 2438 te're
1019 2375 1147 2455 possint.
1163 2377 1276 2439 Textus
1291 2375 1383 2437 estin
1398 2393 1425 2437 o.
1442 2373 1600 2437 [lebitones.
1620 2378 1650 2437 6.
1669 2374 1702 2435 b.

133 2475 295 2555 Scriptores.
311 2475 343 2534 t.
357 2471 392 2534 de
410 2469 498 2550 Voto,·
512 2488 598 2552 ergo.
614 2471 764 2551 Idemque
779 2471 887 2532 dioen-
940 2475 962 2531 t.
979 2467 1032 2528 nbi
1046 2468 1164 2546 Glosss,
1182 2475 1212 2531 et
1234 2467 1377 2530 deuteres
1404 2467 1619 2531 communiter.
1648 2469 1705 2529 Re-

133 2567 206 2637 dum,
221 2563 246 2624 si
260 2553 383 2642 juretur‘
405 2580 455 2624 res
477 2580 605 2642 prorsus
628 2561 817 2636 indifferens,
842 2563 886 2623 ite
939 2563 982 2626 tio
997 2569 1052 2639 est,
1068 2563 1141 2641 qnia
1164 2561 1285 2624 solvere
1305 2579 1428 2638 usurus,
1453 2567 1617 2641 pennatum
1641 2580 1705 2624 non

134 2657 214 2717 utbie
226 2663 258 2718 et
270 2673 368 2730 nune,
383 2655 519 2734 pensetis
534 2653 677 2716 omnibus
687 2655 888 2717 eireumstnn-
940 2659 999 2730 est,
1015 2657 1070 2718 sed
1087 2655 1169 2718 lieite
1188 2663 1290 2737 potest
1308 2656 1377 2736 quis
1396 2655 1485 2719 ulteri
1502 2655 1577 2717 dere
1591 2671 1703 2727 sunm;

135 2749 184 2820 tiis,
199 2749 264 2810 tulis
279 2755 462 2810 remanent:
484 2747 557 2826 quie
576 2747 659 2807 Deus
673 2747 886 2827 juramentum
941 2767 1015 2828 ergo
1039 2767 1111 2810 oum
1132 2749 1192 2811 lule
1220 2749 1434 2828 juramentum
1461 2749 1560 2828 possit
1589 2748 1706 2809 servari

133 2841 165 2903 dn
178 2841 351 2922 prestando
369 2841 474 2921 utiquo
497 2858 575 2902 vano
599 2847 629 2903 et
647 2841 758 2914 otioso,
782 2843 817 2903 nt
840 2843 887 2903 est
940 2843 1058 2924 absque
1073 2843 1234 2923 dispendio
1250 2841 1357 2904 solutis
1371 2847 1506 2920 mtemte,
1519 2841 1706 2903 servandum

134 2933 371 3010 res'inditlereus,
388 2952 451 2994 non
465 2937 624 3012 neeeptet;
641 2952 743 3014 neque
758 2934 798 2996 nd
812 2934 888 2996 iilud
942 2943 1006 3016 est,
1030 2936 1115 2998 haud
1138 2937 1299 3014 obstante,
1324 2933 1409 3015 quod
1429 2935 1506 2996 niter
1527 2933 1706 3015 recipiendo

135 3027 258 3108 obligare
271 3027 417 3106 intendit,
429 3045 501 3089 oum
510 3025 587 3087 nibil
602 3025 727 3088 honoris
741 3026 814 3090 inde
828 3027 885 3090 sibi
940 3047 1051 3092 usurus
1073 3036 1204 3112 peeoet:
1234 3047 1307 3092 nem
1330 3045 1386 3092 eun
1410 3029 1501 3108 eulpo
1523 3029 1556 3091 id
1578 3027 1705 3104 oceidit,

134 3125 285 3184 steresont.
941 3144 1014 3189 enm
1028 3133 1144 3206 posset,
1161 3141 1198 3186 no
1212 3125 1342 3187 deberet
1351 3125 1445 3207 gretie
1454 3129 1608 3200 mutuare,
1618 3124 1707 3202 juxta

165 3219 209 3278 ¹17.
230 3211 431 3276 Nibilmninns
444 3221 478 3276 nt
483 3213 687 3295 juramentum
701 3213 810 3275 homini
825 3213 888 3296 soe
941 3221 1017 3284 illud
1032 3219 1226 3282 Dominioum
1239 3219 1338 3298 Loco,
1354 3237 1395 3294 u,
1410 3223 1460 3282 36.
1481 3215 1658 3298 Benefeeite,
1680 3223 1710 3279 rt

136 3317 186 3368 ten
198 3307 313 3390 oblinet,
330 3307 444 3387 sufficit,
461 3305 540 3388 quod
550 3305 639 3398 pettit
652 3303 765 3368 enveri
782 3307 889 3390 absque
941 3303 1071 3376 mntnnm
1086 3312 1164 3386 dote,
1180 3312 1256 3376 nibil
1268 3313 1336 3376 inde
1348 3321 1507 3395 sper-enter.

134 3399 383 3484 dispendrosnlntis
391 3409 519 3462 oeterne.
533 3400 704 3482 Ds'lserentio
718 3401 888 3484 interjnro-
981 3409 1031 3469 19.
1053 3403 1179 3467 Poetnm
1201 3403 1271 3485 leon
1293 3402 1497 3465 comminante
1522 3399 1553 3462 in
1578 3401 1710 3483 pipnom-

135 3502 245 3556 nentnm
260 3493 333 3572 Deo,
348 3499 377 3554 et
394 3491 507 3553 nomini
524 3491 647 3574 foetum.
672 3526 711 3540 —
732 3497 824 3574 Hesp.
849 3496 886 3558 11.
942 3499 1004 3574 bne,
1019 3497 1047 3560 εἰ
1058 3497 1206 3560 oeeeeeerit
1212 3497 1425 3576 juramentum,
1442 3493 1526 3557 debet
1545 3513 1563 3555 o
1584 3493 1710 3556 debitore

135 3587 327 3648 Nihilominus
342 3587 382 3648 ed
396 3587 468 3662 boo,
486 3590 518 3648 nt
528 3587 741 3666 jurameutum
757 3587 887 3667 promis·
941 3593 1063 3656 temeri.
1075 3625 1115 3640 -
1137 3591 1294 3666 Similiter,
1320 3591 1461 3671 quemvis
1483 3594 1608 3668 paetum
1630 3587 1708 3668 legis

136 3681 238 3746 serium
250 3681 371 3743 bomini
385 3680 502 3744 lentum
515 3680 641 3762 obliget,
658 3681 785 3758 suffieit,
804 3683 889 3762 quod
943 3683 1163 3748 eommissoriee
1179 3683 1211 3742 in
1225 3683 1408 3764 pignoribus
1423 3699 1485 3742 nou
1496 3680 1607 3753 vuleet,
1619 3685 1710 3742 etve-

135 3793 177 3836 res
188 3774 336 3855 promisse
351 3775 449 3854 possit
463 3776 579 3836 serrari
592 3775 711 3855 ubsque
726 3774 888 3857 dispendio
942 3778 998 3842 luti
1013 3775 1190 3838 usurarium
1204 3775 1390 3836 omnimodis
1404 3774 1598 3854 reprobetur,
1614 3773 1635 3834 l.
1652 3773 1708 3834 ult.

135 3867 228 3930 solutis
242 3875 388 3942 seierum
404 3868 464 3930 boe
488 3875 544 3942 est,
567 3871 634 3930 sine
656 3875 784 3948 peecato
806 3887 889 3930 mor·
943 3889 969 3935 e.
987 3871 1023 3933 de
1037 3869 1136 3936 Poetis
1146 3868 1264 3950 pipnor.
1282 3874 1313 3931 et
1326 3867 1418 3930 olibi:
1436 3867 1462 3928 si
1481 3872 1587 3928 tumen
1605 3883 1711 3928 neees-

135 3963 190 4036 tuli,
203 3964 250 4024 rel
263 3962 386 4024 venisli.
403 3964 449 4026 Ito
463 3961 567 4024 Ahbes
581 3981 610 4024 e.
629 3959 703 4023 Com
724 3963 885 4044 eontinpot.
943 3965 1016 4028 serit
1026 3967 1251 4045 juramentum.
1263 3979 1325 4041 qno
1340 3961 1462 4024 debitor
1475 3960 1712 4040 oreditorijurn·

135 4071 161 4113 u.
174 4057 192 4116 6
207 4062 237 4118 et
254 4057 285 4128 ’1,
306 4055 341 4115 h.
365 4058 409 4126 t.;
436 4052 571 4115 Senobez
595 4053 655 4116 loo.
681 4053 746 4130 eit,
772 4073 802 4115 n.
830 4058 886 4125 193
942 4060 996 4138 vit,
1012 4065 1046 4120 ut
1060 4058 1085 4118 si
1100 4056 1181 4117 intre
1199 4061 1319 4117 eertum
1342 4061 1464 4134 tempus
1484 4053 1625 4115 debitum
1646 4071 1711 4115 uon

135 4147 258 4226 teyman
273 4166 305 4208 n.
321 4150 360 4219 6;
377 4145 516 4228 Angelus
531 4149 563 4226 y.
578 4143 791 4210 loramentum.
808 4167 840 4210 n.
855 4152 886 4210 5.
943 4152 1080 4224 solverit,
1095 4166 1199 4229 neque
1213 4149 1329 4229 pignus
1342 4147 1520 4224 redemerit,
1537 4147 1640 4228 ipsum
1659 4165 1712 4208 sn·

135 4243 162 4301 et
173 4239 229 4300 alii.
245 4238 342 4318 quue
357 4237 529 4301 desumitur
543 4257 582 4301 ex
595 4259 623 4302 o.
641 4237 715 4302 Com
729 4241 887 4324 eontrnpot.
943 4263 1000 4328 per
1013 4245 1144 4326 pignore
1157 4243 1234 4305 nolit
1248 4239 1381 4320 amplius
1394 4239 1573 4314 molestare,
1588 4245 1712 4302 tenetur

135 4335 177 4395 28.
196 4334 301 4412 juncte
323 4332 432 4395 Glossn
458 4335 488 4408 5.
513 4333 633 4396 Debent.
659 4340 689 4396 et
711 4333 889 4408 doctoribus
944 4339 1065 4401 debitor
1079 4343 1161 4399 stnre
1175 4354 1233 4397 suo
1244 4335 1442 4414 jummento3
1458 4352 1523 4414 erg.
1540 4352 1567 4394 o.
1584 4333 1710 4416 Sionifi-

135 4425 199 4487 ibid.
215 4427 246 4488 b.
262 4433 285 4489 t.
302 4433 333 4488 et
347 4445 375 4488 o.
394 4425 528 4502 Onomon
538 4435 667 4509 pectem.
683 4431 713 4490 2.
729 4428 765 4490 de
778 4429 887 4504 Poenis,
944 4438 1037 4492 conte.
1051 4431 1158 4509 juuetn
1173 4429 1281 4491 Glossa
1297 4429 1328 4505 t.
1344 4425 1382 4489 st
1393 4433 1435 4488 eet
1447 4425 1498 4500 ito,
1524 4432 1554 4488 et
1577 4425 1713 4488 doctori-

136 4517 161 4576 iu
173 4521 200 4580 e.
215 4519 267 4581 ubi
281 4527 432 4599 tanquam
446 4520 553 4599 regula
569 4523 723 4601 generetis
733 4522 887 4598 statuitur,
944 4521 1003 4582 bus
1026 4520 1062 4583 de
1085 4519 1239 4601 Pipnurib.
1263 4515 1353 4578 Retio
1376 4522 1433 4590 est,
1458 4516 1532 4596 quis
1549 4516 1611 4578 tuln
1626 4517 1713 4596 jura·

136 4613 208 4692 quod
225 4613 436 4690 iuramentum
455 4611 573 4676 homini
591 4614 763 4695 prestitum
782 4633 892 4678 neees-
944 4621 1086 4677 mentum
1101 4612 1140 4674 de
1154 4631 1217 4674 nou
1232 4609 1366 4688 emplius
1375 4607 1568 4671 molestando
1583 4609 1712 4672 oredito-

136 4705 206 4765 surlo
219 4705 257 4766 sit
276 4703 479 4779 servendum,
502 4708 627 4786 quondo
648 4711 751 4788 potest
773 4707 892 4770 servari
945 4695 1025 4784 rem,
1038 4707 1241 4786 potestlieite,
1252 4712 1283 4767 et
1297 4703 1415 4784 absque
1429 4702 1591 4783 dispendio
1606 4703 1713 4766 solutis

136 4797 240 4879 ubsque
264 4797 428 4878 dispendio
452 4799 559 4860 solutis
581 4807 706 4862 aeternae
731 4799 801 4890 (boe
825 4803 889 4878 est,
946 4809 1070 4864 oeternoe
1093 4817 1152 4882 per
1174 4798 1347 4861 debitorem
1371 4797 1546 4871 observem
1572 4794 1714 4875 quamvis

136 4889 192 4952 sine
209 4898 337 4971 peeonto
360 4891 495 4969 mortali,
515 4894 564 4956 vel
587 4893 713 4973 veniali)
735 4893 891 4974 simulque
946 4894 1081 4957 creditor
1094 4908 1157 4954 non
1179 4891 1276 4972 possit
1295 4889 1377 4952 lieite
1399 4889 1532 4951 relinere
1551 4905 1712 4949 exoessum

135 5001 190 5042 uon
203 4983 353 5046 redundat
366 4983 400 5045 in
414 4984 540 5046 alterius
554 4985 784 5048 detrimentum.
797 4988 892 5048 Aene—
946 4986 1105 5070 pignoris,
1133 4985 1228 5046 veluti
1251 4982 1439 5045 usurarium.
1463 4983 1531 5044 Hue
1552 4980 1645 5042 etiem
1668 4979 1712 5040 fn-

136 5073 269 5154 ditretio,
286 5076 360 5156 quie
371 5077 585 5155 juramentum
598 5077 834 5158 promissorium
852 5077 891 5140 de
946 5081 1032 5144 ciunt
1054 5076 1106 5140 alii
1129 5095 1236 5152 ersus,
1259 5076 1299 5139 de
1322 5075 1435 5157 quibus
1458 5073 1538 5136 infre
1558 5091 1589 5135 n.
1609 5076 1657 5135 er.
1682 5077 1714 5136 et

137 5185 165 5228 re
177 5186 235 5228 nou
247 5167 355 5231 illicite
368 5175 498 5232 eatenus
513 5172 629 5254 obligat
646 5171 688 5233 nd
710 5172 758 5234 sui
783 5171 893 5251 imple·
946 5188 1032 5252 seqq.
1108 5233 1114 5244 ,

137 5259 255 5336 tionem,
268 5269 422 5342 quotenus
436 5263 475 5338 is,
490 5266 539 5327 eni
555 5269 602 5330 est
616 5265 800 5346 prestitum,
815 5265 892 5326 iilud
985 5265 1033 5325 80.
1055 5261 1259 5323 loramentum
1274 5259 1386 5342 foetum
1403 5257 1523 5330 bomini,
1542 5275 1601 5318 non
1619 5265 1713 5339 potest

137 5360 276 5434 acceptet,
291 5357 421 5437 vultque
440 5357 571 5437 impleri.
593 5359 685 5438 Atqui
707 5359 789 5421 Dens
805 5359 892 5437 jure·
945 5373 976 5416 eo
990 5373 1046 5416 non
1060 5353 1246 5415 consentiente
1258 5349 1433 5415 commutari
1446 5349 1477 5410 in
1496 5367 1570 5430 opor
1587 5349 1690 5413 melino
1700 5372 1712 5414 .-

138 5455 265 5511 mentum
279 5468 342 5512 non
357 5454 510 5532 eeeeptnt,
526 5449 650 5531 quaudo
672 5458 719 5514 est
736 5451 891 5533 impediti·
947 5449 1014 5512 tene
1028 5455 1122 5512 tomen
1128 5447 1338 5530 jnromenrnm
1345 5446 1459 5529 foetum
1467 5443 1584 5508 Dem-
1594 5447 1632 5509 111
1641 5465 1714 5510 eon·
