4028 6068
373 289 392 368 ξ
411 292 435 352 1.
456 291 507 350 DE
527 289 683 353 NATURA
703 289 753 351 dl
772 287 890 353 vnete
910 289 1099 352 owtstottu
1119 288 1398 354 EXCEP'HONUM.
1619 290 1674 354 ΞΜ

445 423 510 502 §L
913 425 1021 485 ocntm
1047 439 1118 494 me;
1147 438 1218 482 eam
1249 426 1354 484 temen
1381 439 1438 500 per
1465 397 1677 501 exceptionem

919 513 1039 594 equod
1058 520 1160 577 metus
1182 532 1277 576 censs
1300 537 1315 574 n
1344 514 1509 578 excludere
1537 531 1675 594 possum.

104 589 135 634 ⁰⁸
151 586 279 632 nm*
295 587 333 631 m
358 585 450 635 ”m
475 585 620 632 mm
646 585 858 634 mmm·
915 608 1015 686 Atque
1042 613 1088 668 eet
1115 607 1255 685 exceptio
1283 609 1405 688 proprie
1433 607 1537 680 diota;
1565 611 1679 684 estque

137 707 163 766 t.
178 701 374 784 deceptiones
383 702 475 766 corice
487 702 659 786 acceptionis
673 701 858 784 miscentur.
920 719 935 758 n
955 698 1083 762 actionis
1106 699 1261 775 exclusio,
1282 719 1298 758 n
1317 702 1351 762 ut
1372 699 1512 781 proxime
1540 699 1681 762 dectore-

106 833 138 844 -
150 794 300 868 Queritur
313 797 336 857 l.
356 794 437 868 Ouid
450 796 489 858 eit
510 795 661 876 exceptio,
678 799 711 859 et
730 795 863 876 replica-
916 800 993 858 tum.

106 888 230 954 tiotlihi
251 889 503 970 presuntendum,
529 889 614 968 quod
637 889 888 970 imprimente.
955 889 985 948 5.
1008 883 1202 966 deceptiones
1223 882 1382 961 dilatoriis,
1411 904 1450 946 on
1475 883 1535 947 sint
1560 883 1682 946 octiosns

106 1003 165 1045 rum
183 983 325 1061 excepto
346 999 410 1044 non
431 987 572 1045 sumetur
592 1000 647 1062 pro
663 981 861 1062 exemptione
915 977 1115 1042 ecclesioi-
1128 978 1229 1042 Dices.
1248 979 1367 1041 llantur
1389 979 1587 1058 exceptiones
1608 995 1684 1058 pro-

105 1077 207 1156 eliqne,
218 1093 276 1140 eeu
289 1075 519 1139 immunitates
529 1075 747 1138 communibus
762 1075 863 1138 oneri·
915 1073 982 1153 prie
997 1071 1096 1145 dicte,
1108 1088 1178 1152 ques
1199 1073 1394 1151 appellentur
1407 1071 1569 1147 dilatorie,
1586 1076 1681 1151 utque

105 1171 165 1248 bus,
181 1188 286 1249 neque
306 1187 362 1252 pro
380 1169 563 1233 limitatione
577 1170 724 1252 quietim,
740 1188 796 1232 seu
809 1171 864 1232 ial-
916 1169 988 1226 ante
1011 1164 1071 1226 litis
1092 1167 1354 1228 contestationem-
1375 1167 1506 1247 proponi
1528 1165 1647 1228 debent
1671 1184 1679 1226 :

105 1262 189 1328 lentie
202 1265 323 1346 regnlae
338 1264 532 1345 'cujuspiam
559 1263 591 1324 iu
613 1281 675 1343 quo
697 1263 862 1342 posteriori
916 1255 1003 1337 etqui
1017 1255 1094 1318 isles
1117 1275 1179 1318 nou
1200 1263 1272 1335 suut
1292 1257 1421 1340 notionis
1441 1259 1591 1334 exclusiot
1609 1259 1683 1338 quie

107 1357 420 1437 sensoproceditillud
433 1358 591 1438 vulgatum
605 1376 612 1418 ι
628 1357 863 1439 «Nulleregula
917 1353 989 1412 onte
1022 1349 1108 1413 litem
1140 1355 1344 1416 contectalem
1374 1372 1439 1416 non
1473 1354 1585 1416 dicitur
1613 1353 1682 1432 quie

107 1455 164 1515 siue
177 1451 372 1530 exceptione.
387 1475 402 1512 ι
420 1453 528 1531 ltaque
543 1453 685 1533 exceptio
703 1451 735 1514 in
749 1471 863 1533 propo·
916 1461 1022 1522 egere,
1039 1443 1095 1505 ted
1116 1444 1194 1505 velle
1218 1463 1324 1525 egere,
1345 1446 1366 1509 l·
1391 1445 1539 1528 Amplius·
1561 1445 1593 1506 ff·
1610 1445 1683 1508 Rem

109 1545 157 1605 situ
169 1543 281 1606 dicitur
293 1557 342 1622 ea,
354 1561 424 1622 que
439 1563 457 1604 o
470 1563 525 1606 reo
540 1546 706 1624 opponitur
714 1546 864 1608 adversus
916 1543 1013 1599 rotem
1028 1535 1152 1614 tam·
1171 1556 1246 1619 orgo
1269 1557 1332 1600 nen
1354 1557 1463 1602 omues
1485 1541 1684 1621 exceptiones

108 1637 276 1716 petitionem
290 1635 413 1699 ceteris.
429 1639 507 1700 Nam
527 1642 563 1700 ut
575 1637 725 1717 Ulpianus
738 1637 760 1701 l,
776 1639 812 1701 11,
827 1639 861 1700 ff,
917 1629 1040 1710 proprie
1055 1629 1157 1705 dicte,
1180 1637 1253 1694 sunt
1270 1633 1401 1696 notionis
1422 1633 1571 1694 exclusio.
1588 1635 1680 1712 Reep.

110 1731 136 1790 h.
149 1733 169 1790 t.
183 1728 339 1808 loquitur:
354 1730 525 1810 «Exceptio
533 1731 616 1793 dicte
626 1734 674 1794 est
683 1733 770 1812 quest
781 1749 864 1811 que·
916 1741 988 1803 neg·
1008 1723 1085 1784 min·
1108 1740 1180 1784 cum
1200 1727 1421 1805 consequentia
1441 1745 1506 1788 sue
1526 1726 1683 1806 probotio-

110 1821 171 1883 dem
192 1821 347 1899 exclusio,
373 1839 442 1902 quse
465 1823 622 1903 interponi
645 1824 798 1904 cujusque
818 1824 863 1886 rei
916 1817 974 1880 nis.
991 1818 1071 1890 Ouio
1092 1819 1185 1880 elium
1206 1821 1402 1899 exceptiones
1423 1819 1590 1893 dilatoriae,
1612 1823 1685 1882 sunt

110 1915 177 1975 solet
196 1914 236 1976 ed
261 1914 487 1978 excludendum
509 1917 541 1979 id
560 1917 644 1996 quod
664 1918 695 1978 in
719 1919 864 1981 intentio-
917 1911 1207 1986 eodonisexclueio;
1227 1929 1291 1974 non
1304 1912 1430 1992 quidem
1444 1913 1684 1992 uctujamcoep·

111 2023 182 2080 uem,
197 2006 529 2082 condemnationemre
543 2007 711 2071 deductum
726 2015 782 2073 est.
799 2033 814 2070 n
917 2012 968 2080 te,
984 2005 1041 2067 sed
1058 2004 1240 2084 incipiendoe
1257 2023 1264 2065 :
1281 2023 1319 2068 eo
1338 2005 1422 2087 quod
1440 2005 1595 2068 actionem
1608 2011 1685 2068 tem·

143 2103 170 2162 3.
191 2099 340 2181 deceptio
351 2101 436 2162 ntsic
448 2099 602 2183 dupliciter
614 2103 767 2184 occipiens,
783 2101 865 2183 torpe
917 2098 1064 2180 penaliter
1078 2095 1238 2174 differunt,
1255 2105 1346 2178 prout
1365 2098 1501 2180 emplius
1515 2099 1633 2178 petebit
1646 2117 1685 2160 ex

111 2191 266 2274 etproprie.
275 2192 512 2276 deceptiosecti,
520 2195 681 2276 etesceptio
684 2193 865 2274 jurisque?
918 2193 1071 2256 dicendis.

111 2287 305 2350 --Etmerito
319 2287 379 2348 hoo
401 2291 568 2368 utrumque
591 2289 683 2348 simul
703 2287 861 2369 jungitur:
957 2290 988 2350 6.
1012 2284 1194 2368 deceptioni
1217 2283 1365 2347 contrario
1386 2292 1430 2347 cst
1455 2283 1629 2366 explicatio,
1658 2292 1687 2346 et

112 2398 174 2442 osrn
187 2381 327 2458 exceptio
342 2383 376 2442 ut
389 2380 445 2454 sic,
460 2383 563 2460 potest
576 2379 740 2460 dupliciter
753 2378 863 2461 accipi,
919 2379 986 2444 tntc
998 2378 1166 2462 duplicatio,
1183 2379 1354 2461 implicatio.
1372 2411 1413 2426 -
1426 2379 1502 2460 ltep.
1517 2381 1554 2442 ll.
1570 2380 1687 2460 Excep-

113 2474 187 2553 lerge
200 2479 230 2534 et
243 2472 380 2554 proprie.
395 2473 494 2536 Priori
508 2474 613 2550 modo,
629 2491 686 2536 seu
698 2471 797 2556 leige,
813 2491 867 2534 su·
919 2473 995 2537 tioni
1009 2473 1164 2536 contrarie
1173 2478 1221 2535 eet
1230 2472 1399 2552 replicatio,
1409 2480 1516 2554 utpote
1525 2492 1581 2555 per
1591 2491 1687 2552 quam

113 2565 195 2628 mitur
208 2565 347 2644 exceptio
356 2583 413 2645 pro
422 2566 508 2627 omni
522 2566 796 2646 defensioneque
811 2584 865 2628 reo
920 2570 1007 2631 notor
1021 2564 1157 2628 excludit
1170 2566 1384 2646 exceptionem
1398 2567 1581 2630 retrorsus
1594 2568 1688 2632 estin

113 2657 387 2738 competitetiemsi
397 2659 483 2720 nulla
493 2659 574 2722 ectio
584 2663 742 2740 competet
751 2659 864 2722 actori:
917 2663 941 2734 l.
957 2663 992 2724 11.
1008 2661 1026 2740 ᾖ
1040 2664 1069 2722 2.
1093 2658 1299 2742 deceptiones.
1318 2659 1352 2722 tt.
1372 2661 1405 2723 h.
1430 2663 1454 2722 t.
1476 2660 1530 2723 ubi
1552 2659 1685 2724 dicitur:

113 2757 139 2812 et
156 2752 394 2813 heorocatnrc
415 2753 555 2832 exceptio
575 2753 659 2816 lecti.
680 2773 695 2813 ι
715 2753 866 2816 Ceterum
925 2753 1175 2834 nlleplicationee
1192 2752 1269 2814 nihil
1282 2753 1688 2835 sliudsunt,quemexcep-
1776 2781 1779 2788 ⁴
1881 2727 1887 2740 ⁸

114 2845 240 2924 exceptio
254 2843 378 2924 proprie
392 2851 518 2924 sumpte
530 2843 616 2908 eliud
625 2863 689 2907 uon
703 2853 760 2918 eet,
773 2864 867 2926 quum
921 2850 1038 2922 tiones;
1049 2851 1081 2910 et
1093 2849 1211 2928 aperte
1226 2848 1338 2909 actoris
1351 2847 1488 2923 veniant,
1504 2867 1520 2908 s
1534 2851 1592 2911 etc.
1609 2849 1688 2910 Nam

115 2939 230 3001 actonis
242 2937 389 3000 exclusio.
405 2937 521 3001 ltthoec
537 2938 597 3000 alio
608 2937 745 3014 nomine,
757 2939 869 3004 dieitur
922 2941 1250 3022 sicutodxceptionest
1257 2941 1386 3004 sotionis
1393 2941 1538 3016 exclusio,
1548 2941 1689 3022 itarepli·

119 3030 281 3111 «exceptio
304 3031 408 3112 juris:
436 3053 452 3090 n
478 3035 573 3112 etque
597 3031 754 3112 supponit,
784 3030 869 3112 quod
922 3036 1003 3099 cetio
1012 3039 1060 3098 est
1069 3035 1205 3098 exclusio
1216 3034 1416 3114 exceptionis.
1433 3034 1580 3114 Exceptio
1594 3034 1689 3114 siqui-

115 3125 199 3186 actori
216 3122 255 3186 de
273 3125 345 3204 jure
365 3128 522 3203 competat
541 3123 639 3200 actio;
655 3141 749 3204 quam
762 3127 869 3188 tamn
922 3127 995 3190 dem
1010 3127 1102 3190 detur
1114 3145 1188 3203 reo;
1205 3125 1363 3208 replicatio
1382 3127 1475 3190 detur
1494 3124 1602 3198 soteri,
1618 3141 1688 3204 quse

116 3217 241 3297 exceptio
263 3217 389 3298 proprie
418 3217 500 3280 dicta
522 3217 667 3282 excludit.
697 3220 764 3292 Ouo
792 3235 870 3299 prte-
922 3221 1036 3284 idcirco
1044 3219 1198 3300 objicitur,
1206 3220 1687 3302 ntexceptionemreioppugnct.

117 3315 223 3373 noun:
922 3315 1038 3376 Verum
1060 3320 1166 3376 contra
1186 3313 1419 3394 replicationem
1433 3314 1512 3376 solet
1532 3313 1598 3376 deri
1619 3331 1690 3392 sup·

151 3410 178 3466 l.
195 3403 339 3486 Exceptio
351 3413 385 3466 nt
397 3405 448 3480 sie,
464 3405 559 3488 qnid?
571 3439 611 3454 -
628 3409 722 3488 Resp.
738 3410 761 3470 l.
784 3409 870 3469 cdx·
922 3405 1058 3485 plicatio,
1076 3411 1106 3468 et
1125 3409 1232 3468 contre
1257 3405 1498 3486 duplicationem
1513 3405 1689 3486 triplicatio,

118 3499 206 3578 ceptio
224 3502 258 3559 ut
279 3498 324 3560 eie
345 3521 360 3558 ι
380 3504 428 3560 est
449 3499 595 3576 sotionis,
620 3500 670 3563 vel
691 3499 870 3564 intentionis
906 3505 955 3561 'et
968 3505 1076 3560 contra
1095 3498 1335 3579 inplicationem
1349 3517 1457 3562 rursus
1472 3497 1690 3580 quadruplica-

119 3591 250 3652 exclusio.
264 3593 311 3654 lte
324 3590 430 3654 Abbee
443 3591 485 3654 ed
498 3592 612 3655 rubrio.
629 3593 661 3656 h.
679 3600 701 3655 t.
718 3593 870 3656 Valleneie
923 3591 984 3664 tio;
1001 3595 1034 3652 et
1060 3589 1105 3652 sio
1127 3589 1274 3670 deinceps
1294 3591 1528 3671 multiplicando
1551 3589 1691 3663 nomina,

121 3682 179 3743 eod
193 3701 222 3744 n.
243 3687 274 3747 2.
302 3685 336 3745 et
356 3683 389 3743 in
404 3701 441 3745 re
463 3685 649 3747 communie.
675 3686 712 3748 dt
726 3688 871 3749 notanter
923 3683 999 3746 dum
1013 3689 1067 3746 aut
1080 3701 1153 3744 reus
1166 3690 1220 3745 aut
1235 3686 1323 3746 actor
1343 3683 1473 3764 excipit3
1490 3689 1582 3762 prout
1595 3682 1692 3746 habe·
1826 3737 1829 3744 ,

121 3775 171 3836 sub
186 3775 388 3856 &unctione
410 3776 532 3852 dicitnr,
558 3797 572 3836 s
594 3778 732 3841 Actionis
754 3779 803 3841 vel
822 3779 870 3840 in·
923 3781 974 3838 tur
987 3775 1038 3838 cil.
1053 3775 1076 3838 l.
1092 3779 1121 3838 2.
1136 3775 1155 3855 §
1168 3773 1251 3836 lllnd
1263 3774 1426 3838 tenendum.
1442 3774 1476 3840 ii.
1493 3775 1525 3836 h.
1542 3779 1566 3837 t.

123 3867 249 3928 teutonis
267 3867 405 3930 exclusio
422 3886 461 3930 :n
487 3870 559 3949 quie
579 3870 648 3932 hec
662 3869 802 3934 definitio
817 3871 870 3951 (ut
961 3873 993 3930 ’1.
1016 3869 1213 3950 deceptiones
1244 3867 1418 3930 dividuntur
1442 3869 1537 3950 jueta
1565 3875 1692 3950 qmtnos

122 3959 232 4041 dictum)
246 3962 396 4042 competit
411 3963 586 4043 exceptioni
599 3968 634 4026 nt
647 3965 707 4039 eic;
724 3983 782 4027 seu
796 3983 870 4046 qne·
923 3981 1075 4025 sensnm
1088 3979 1205 4044 peneto.
1221 3959 1339 4024 dorum
1351 3961 1455 4024 dianio
1472 3981 1490 4023 c
1505 3981 1594 4034 causo
1606 3961 1695 4043 finoli

123 4058 198 4114 tenus
217 4055 274 4117 sub
294 4073 328 4117 se
351 4055 587 4136 comprehendit
606 4063 771 4137 utramque
790 4075 871 4138 pre·
924 4053 1086 4136 desumpto,
1102 4061 1145 4116 est
1154 4052 1325 4136 prircipum
1338 4062 1367 4115 st
1385 4052 1473 4134 ques?
1487 4086 1526 4102 -
1538 4055 1693 4127 operitur

122 4147 231 4210 ιιίειιιιι
250 4150 486 4230 exceptionem,
511 4150 654 4214 videlicet
680 4159 744 4215 mm
770 4152 869 4234 large
924 4148 960 4209 ll.
976 4146 1138 4218 Quomodo
1152 4148 1351 4228 exceptiones
1364 4146 1560 4209 dividanturt
1574 4147 1652 4228 Rep.
1668 4149 1691 4210 l.

122 4243 336 4322 quamproprie
354 4245 529 4323 occeptum.
552 4243 720 4328 Siquidem·
730 4245 870 4326 exceptio
924 4240 1131 4321 Exceptiones
1145 4240 1326 4303 dividuntur
1339 4242 1371 4302 et
1384 4239 1511 4318 quidem
1521 4241 1610 4318 juxta
1629 4257 1693 4300 om·

122 4331 192 4412 lecti,
206 4336 361 4416 senlenge
375 4341 502 4417 eccepto
517 4338 654 4400 excludit
665 4339 870 4403 intentionem
925 4336 976 4396 nia
999 4337 1135 4414 quotuor
1147 4351 1314 4398 censorum
1328 4351 1462 4413 generet
1486 4337 1577 4415 prout
1606 4338 1694 4394 notat

123 4429 226 4488 tentum
240 4429 354 4491 sotoris
367 4446 374 4489 :
387 4429 493 4508 siquis
506 4430 614 4495 e'litio
628 4431 686 4494 eibi
696 4435 782 4512 petat
795 4431 871 4506 solvi
925 4427 1051 4489 Zoesins
1066 4427 1113 4492 tit.
1128 4426 1164 4490 de
1174 4424 1383 4506 deceptionil.
1398 4425 1431 4487 ff.
1447 4442 1480 4486 n.
1491 4427 1522 4486 4.
1534 4423 1695 4503 Praecipue

122 4523 229 4580 centmn
251 4521 398 4600 llorenoe,
422 4527 513 4583 antea
536 4522 639 4586 eidem
659 4531 768 4587 mutuo
781 4521 871 4586 dntoe
927 4525 1030 4582 temen
1053 4536 1162 4582 earum
1182 4517 1291 4579 divisio
1315 4519 1363 4578 eet
1376 4515 1444 4591 illo,
1467 4533 1536 4596 qnoe
1559 4533 1579 4576 a
1599 4533 1694 4578 censa

121 4610 204 4674 Titius
222 4631 295 4676 vero
319 4613 460 4695 excipiat,
477 4615 635 4698 negando,
650 4617 720 4680 illos
734 4618 791 4680 eibi
806 4635 872 4679 mu·
926 4612 1029 4687 iinnli,
1053 4629 1110 4676 seu
1135 4611 1175 4674 eb
1202 4611 1314 4674 effectu
1341 4610 1528 4682 desumitur;
1552 4614 1583 4672 et
1605 4610 1695 4689 juxte

121 4702 262 4766 modeim
280 4705 389 4782 inisse
407 4707 580 4770 excluditur
594 4710 661 4770 sola
675 4710 805 4773 intentio
819 4727 873 4772 ac·
927 4723 1022 4786 quern
1036 4705 1234 4785 exceptiones
1252 4703 1364 4782 alique
1384 4701 1530 4764 dicuutur
1549 4719 1695 4783 peremp-

121 4796 205 4860 torie:
227 4817 299 4861 nam
322 4800 348 4860 si
372 4819 445 4862 rere
468 4806 515 4863 eet
534 4803 660 4885 negatio
679 4803 763 4879 uitii,
786 4802 872 4866 nulle
926 4800 1013 4864 tocie
1028 4803 1243 4880 etperpetuoe‚
1265 4795 1333 4858 elie
1347 4795 1497 4858 dilatorice
1518 4813 1555 4857 eo
1576 4801 1696 4875 tempo-

121 4889 202 4950 netori
219 4893 417 4972 competebat
428 4894 527 4971 ectio,
543 4913 581 4957 nc
594 4897 724 4976 proinde
739 4897 807 4959 hec
822 4915 873 4958 en
898 4941 902 4948 .
926 4895 1019 4958 mles.
1030 4897 1132 4973 Atque
1147 4893 1214 4954 hec
1227 4889 1338 4952 divisio
1354 4888 1487 4952 hebetur
1501 4906 1648 4968 expresse
1662 4889 1695 4950 in

120 4977 190 5042 cludi
207 4999 268 5043 uon
287 4984 399 5062 potnit,
419 4983 556 5048 eedeolu
580 4985 648 5065 ejus
669 4987 808 5050 intentio.
835 4987 873 5049 At
926 4989 947 5051 l.
973 4989 1006 5049 ff.
1031 4988 1064 5050 h.
1086 4993 1109 5050 t.
1130 4990 1241 5066 estque
1264 4991 1390 5066 recepta
1415 4983 1456 5045 eb
1481 4982 1636 5044 omnihus.
1659 4983 1697 5044 Et

119 5087 182 5132 rero
201 5075 340 5156 exceptio
363 5077 456 5151 dicta,
478 5093 534 5138 eeu
547 5077 690 5158 exceptio
708 5079 800 5158 juris,
817 5096 873 5140 ex·
928 5080 1075 5162 quidem:

120 5163 191 5226 cludi
217 5167 310 5230 etism
329 5168 498 5244 actionem,
521 5187 591 5251 quae
616 5171 649 5232 in
668 5171 810 5247 venitote,
837 5189 875 5234 sc
967 5175 997 5235 8.
1020 5170 1215 5254 deceptiones
1235 5169 1451 5254 peremptorie,
1466 5185 1516 5236 scu
1535 5173 1695 5249 pepetuoe,

120 5255 228 5335 dejure
240 5261 338 5324 sotori
352 5263 552 5343 competebat
566 5281 573 5325 :
592 5270 627 5328 ut
640 5265 665 5326 si
680 5271 767 5328 metu
780 5283 875 5328 coec-
928 5266 1014 5348 qnoe?
1029 5298 1061 5312 -
1080 5265 1312 5347 nllxceptiones
1325 5263 1566 5346 peremptorie»
1588 5260 1698 5322 dicun-

121 5353 173 5424 tor,
183 5352 339 5434 quidpiam
346 5354 511 5436 stipulatus
519 5375 600 5432 sum,
612 5359 695 5422 volet
704 5359 876 5440 stipulatio,
928 5361 978 5422 tur
992 5356 1063 5434 illoe,
1080 5373 1150 5438 quse
1161 5357 1214 5437 jue
1230 5357 1343 5422 actoris
1364 5354 1532 5436 perimunt,
1547 5358 1640 5432 atque
1664 5352 1695 5414 iu

120 5440 216 5523 sicque
228 5447 376 5530 competit
388 5450 566 5516 edversario
579 5451 659 5516 ectio
675 5469 714 5516 cx
727 5452 875 5536 stipulatu
928 5455 1028 5516 totum
1054 5450 1172 5514 elidunt
1206 5451 1390 5532 petitionem
1420 5447 1532 5528 ipsium
1563 5452 1596 5510 ut
1625 5449 1698 5508 sunt
