4028 6068
268 227 340 307 ev.
363 227 413 290 on
434 225 661 292 suasurum
681 227 775 292 utris
794 228 1002 310 nrcsonro,
1024 229 1192 303 masona
1213 229 1417 310 clusoria,
1445 183 1546 296 arcs
1630 231 1689 296 aaa

118 358 706 441 piamsitdelarendumjaramentum:
729 361 876 436 adeant
925 363 1085 445 judiciali,
1109 363 1148 428 de
1169 365 1229 428 boc
1256 381 1319 427 non
1348 366 1480 456 multam
1512 373 1688 446 querelam

118 454 301 517 consuetrulo
324 453 558 516 corbaria-non
577 453 687 524 881881.
712 460 804 535 utque
826 473 876 517 ex·
929 455 1057 536 qnia·ibi
1072 457 1193 532 suffieit,
1210 473 1389 536 personam,
1405 458 1691 539 cuidcierturjura·

118 563 214 626 prcsse
227 544 412 623 reprobetur
425 547 478 609 cit.
496 545 681 609 8818888.
706 545 741 608 de
763 545 878 609 Proda-
930 554 1080 625 mentum,
1096 547 1137 609 ab
1150 547 1247 612 altera
1261 551 1349 628 parte
1363 549 1457 614 inisse
1476 551 1689 630 approbatam.

119 640 181 700 taba.
196 641 234 700 lta
246 638 326 700 ratio
339 643 397 712 eat,
413 645 480 701 tum
497 639 570 720 quia
594 639 664 702 talis
684 641 876 702 consuetudo
929 639 1104 720 Requiritur
1118 641 1244 721 insuper
1257 641 1297 702 ad
1315 643 1526 722 juramentum
1550 663 1693 708 necessa·

119 737 277 794 8818888188
291 731 465 794 naturalem
480 731 731 811 rationemque
744 751 808 795 non
822 735 878 796 ad·
929 733 1020 810 dum,
1046 741 1080 796 ut
1113 735 1270 798 deleratur
1297 735 1446 798 duntaxat
1471 754 1612 818 personae
1640 738 1693 800 ha·

60 863 64 870 -
119 825 201 888 mittit
213 825 393 906 superflua:
409 828 493 888 Deus
507 827 602 900 enim,
617 832 648 889 et
661 831 784 905 natura,
800 827 877 890 nibil
929 826 1015 890 beuti
1028 843 1134 888 veram
1149 828 1309 891 seientiam
1329 847 1431 890 causae
1453 849 1509 910 per
1532 830 1691 913 proprium

118 919 226 982 1881881
238 917 367 983 bactra
382 921 448 982 Imo
466 919 804 1001 «perquaminiquum
817 927 874 993 est,
930 937 1057 982 sensum
1079 939 1273 1001 corporeum.
1298 923 1374 985 item
1401 923 1536 1003 parvitas
1563 941 1690 986 causae:

118 1029 302 1092 supervacua
323 1013 467 1076 cautione
488 1013 609 1076 onerari
626 1034 641 1072 8
666 1015 872 1094 quempiam
930 1013 1003 1094 quia
1017 1031 1080 1074 non
1094 1020 1142 1076 cst
1154 1015 1357 1076 deferendam
1367 1016 1694 1095 juramentumnecss·

117 1112 201 1187 prout
213 1123 253 1167 ex
267 1106 384 1168 lumine
407 1107 542 1170 naturali
563 1109 708 1185 comasii
724 1109 878 1188 juriscon-
931 1108 1046 1169 sarium
1059 1107 1092 1169 in
1105 1108 1206 1170 causis
1224 1109 1340 1186 arduis,
1361 1109 1528 1190 magnique
1549 1111 1694 1192 praejudi-

107 1198 255 1261 saultasia
270 1196 291 1259 l.
313 1198 388 1262 Huc
409 1198 569 1281 stipulatio.
593 1200 626 1261 il.
655 1199 696 1264 Ul
718 1200 878 1282 legatorum
931 1200 990 1274 oii;
1006 1217 1108 1278 neque
1123 1201 1154 1262 in
1172 1201 1274 1264 causis
1294 1201 1504 1266 criminalibus
1527 1201 1694 1266 criminali-

118 1290 218 1352 acrm‘n.
233 1299 356 1368 caueal,·
370 1295 436 1354 tum
452 1293 524 1371 quia
539 1293 609 1354 talis
623 1294 814 1356 consuetudo
830 1300 878 1357 cst
930 1297 980 1356 tar
994 1293 1095 1368 motis,
1112 1311 1170 1356 neo
1183 1295 1227 1354 in·
1237 1295 1339 1356 causis
1360 1295 1581 1376 spiritualibus.
1602 1299 1691 1369 Item,

119 1384 203 1444 ctiam
224 1391 335 1446 contra
355 1385 408 1464 jas
427 1385 577 1462 divinum,
603 1385 771 1448 secundnm
793 1388 877 1464 quod
932 1393 966 1448 ut
979 1385 1017 1448 sit
1033 1385 1161 1466 petitum
1176 1407 1194 1448 a
1208 1394 1316 1466 parte;
1333 1389 1392 1450 nisi
1405 1389 1510 1451 forsan
1525 1409 1564 1452 ex
1579 1391 1690 1466 officio,

118 1495 173 1538 non
184 1479 320 1556 juratur,
334 1479 395 1540 nisi
409 1497 447 1540 ex
460 1495 555 1540 caasa
568 1477 751 1541 rationabili.
774 1479 879 1542 Abbas
932 1495 1025 1540 causa
1039 1477 1173 1559 cognita,
1185 1479 1283 1559 jadex
1305 1481 1379 1541 illud
1400 1481 1603 1544 deferendum
1625 1499 1694 1544 ease

119 1569 162 1630 cit.
177 1588 204 1631 c.
220 1569 320 1633 strat.
336 1589 369 1632 a.
387 1575 414 1633 1.
435 1574 477 1633 et.
501 1575 531 1632 2.
557 1569 592 1632 de
612 1569 734 1633 Prodat.
759 1571 879 1634 addens
933 1571 1094 1634 existimet.
1115 1571 1231 1634 Varum
1254 1572 1293 1634 de
1316 1571 1364 1634 bis
1385 1573 1476 1654 plura
1498 1575 1693 1655 paragrapho

119 1662 275 1724 nonnullas
289 1663 474 1744 atiasbujas
489 1664 636 1750 rationes.
932 1665 1085 1744 sequenti.

154 1757 220 1818 160.
242 1755 507 1837 Adjaromeatom
520 1757 727 1831 colunto-iam,
742 1775 791 1820 reu
810 1777 879 1822 coa·
972 1759 1039 1818 aas.
1062 1755 1266 1819 loramentum
1280 1755 1340 1819 litia
1359 1755 1528 1820 8188818νί88
1546 1779 1586 1821 88
1605 1761 1695 1842 possit

121 1849 275 1911 arabbaale
300 1851 508 1932 requiruntur,
532 1867 567 1912 ac
587 1851 738 1935 sufficiant
757 1871 791 1915 ea
813 1871 879 1934 qaoe
931 1848 1043 1930 deferri
1057 1849 1145 1912 etiam
1165 1869 1220 1932 per
1241 1849 1473 1912 execrationes?
1495 1849 1546 1914 so
1561 1851 1695 1914 'delatam

119 1941 155 2004 od
166 1942 401 2006 tmmoctioaern.
424 1975 464 1990 —
484 1945 576 2023 Reap.
598 1945 634 2007 Il.
658 1947 705 2007 Ad
722 1947 879 2025 juramen·
931 1943 1032 2025 aequit
1048 1944 1188 2024 prosim
1202 1961 1255 2025 per
1275 1953 1501 2025 procuratam.
1525 1979 1565 1994 -
1585 1947 1694 2010 Utrum

120 2045 177 2098 lam
199 2037 261 2100 litis
284 2037 472 2100 decisoriam
489 2038 709 2118 voluntarium,
731 2057 788 2100 sea
807 2057 879 2101 con·
932 2045 1036 2099 autem
1051 2038 1265 2116 juramentum
1287 2037 1348 2100 litis
1371 2039 1559 2101 decisoriam
1581 2039 1694 2102 deferri

120 2130 289 2192 contionale
310 2130 512 2210 requiruntur
532 2134 563 2194 et
576 2131 731 2194 sufficiunt
744 2149 792 2210 ea,
808 2149 878 2212 quae
931 2131 1030 2210 possit
1056 2135 1111 2192 aut
1132 2129 1256 2204 debeat,
1280 2149 1337 2211 per
1355 2133 1525 2212 simplicem
1546 2134 1696 2197 duntaxat

119 2224 310 2304 requirantur
327 2226 368 2288 ad
390 2229 528 2306 pactum,
553 2243 609 2288 seu
635 2227 878 2289 transactionem
931 2224 987 2285 Dei
1000 2224 1268 2299 contestationem,
1284 2225 1332 2287 vel
1347 2226 1441 2289 etiam
1456 2243 1512 2306 par
1525 2227 1696 2290 execratio-

119 2325 148 2378 at
160 2319 223 2379 sic:
240 2335 369 2398 nempe,
385 2323 421 2382 ut
435 2319 472 2380 sit
487 2317 640 2398 capacitas
660 2336 698 2380 ex
718 2323 805 2399 parte
826 2319 879 2380 dc·
932 2333 1004 2377 nem
1027 2315 1123 2394 (quod
1157 2335 1172 2374 a
1190 2318 1403 2396 juramentum
1430 2321 1655 2383 execratoriam
1676 2342 1692 2380 a

119 2412 249 2488 terentis,
271 2433 309 2476 ac
330 2414 503 2494 praestantis
520 2414 753 2494 juramentum
775 2415 880 2476 simul·
932 2407 1100 2488 appellant)
1114 2409 1314 2472 consulantur
1334 2411 1536 2489 particulares
1558 2413 1695 2492 ΒῙΠΕΠῙΟ·

119 2523 185 2583 qae,
200 2509 235 2568 ut
246 2505 321 2586 jure
336 2523 399 2567 oon
413 2507 451 2567 ait
464 2505 653 2585 prohibitum
667 2523 760 2586 snper
776 2507 831 2578 tali
845 2525 879 2568 rc
932 2520 1002 2564 ram
1036 2501 1236 2564 tribunalium
1264 2503 1406 2566 formulae
1432 2505 1588 2585 jurandi:
1622 2523 1695 2566 nam

119 2599 301 2678 transigere,
319 2615 376 2659 aea
394 2605 543 2680 praestare
558 2598 711 2678 ejusmodi
725 2599 880 2678 jrrramen-
933 2595 1091 2676 quodlibet
1104 2597 1215 2657 horam
1226 2597 1440 2676 iuramentum
1453 2599 1580 2664 adducit
1597 2599 1696 2660 Deam

121 2698 188 2753 tam.
204 2693 296 2755 Ratio
311 2701 358 2755 est
372 2692 467 2768 clara,
483 2691 556 2772 quia
565 2693 779 2771 juramentum
797 2691 878 2752 istud
933 2687 966 2748 in
979 2689 1090 2750 testem
1104 2687 1240 2750 veriatis
1252 2707 1260 2762 ;
1273 2696 1304 2752 et
1317 2690 1342 2750 si
1357 2690 1425 2752 berc
1438 2689 1594 2766 deiiceret,
1609 2691 1697 2754 indu-

119 2787 247 2867 speciem
263 2785 403 2850 confluet
418 2785 645 2864 transactionis,
661 2786 680 2850 l.
698 2789 733 2849 11.
754 2787 786 2849 11.
807 2787 839 2848 b.
855 2792 877 2849 t.
934 2779 975 2841 cit
996 2778 1211 2860 gravissimam
1233 2787 1396 2860 peccatum
1419 2782 1557 2863 pedarii,
1581 2783 1698 2866 irrogat

119 2885 147 2942 et
158 2887 386 2960 consequenter
403 2880 442 2943 ad
462 2879 539 2942 illud
558 2880 716 2942 sufficiunt
737 2897 786 2957 eu,
810 2897 880 2960 quoe
934 2871 1093 2934 infamium
1122 2873 1221 2953 juris,
1255 2875 1487 2956 constituitque*
1504 2879 1697 2958 pejerantem

119 2972 419 3035 aduanscctionem.
934 2983 1024 3028 reum
1038 2970 1162 3028 astemoe
1175 2985 1276 3047 paenae
1291 2968 1459 3047 infernalis,
1481 2971 1541 3032 nisi
1559 2972 1697 3035 debitam

155 3069 220 3128 161.
242 3065 298 3128 Ad
309 3065 514 3148 sarminetum
533 3063 594 3128 18118
614 3063 783 3130 Macetum
798 3067 881 3148 jodi-
934 3060 1034 3141 egerit
1051 3061 1278 3140 paenitentiam.
1301 3064 1389 3136 Ouod
1411 3068 1517 3127 autem
1537 3065 1698 3145 deponens

119 3158 183 3221 oble
193 3157 492 3240 naumurum
511 3159 683 3242 approbatio
695 3159 818 3241 judicis.
841 3193 883 3220 -ι
930 3155 1144 3234 juramentum
1158 3157 1395 3236 execratorium,
1414 3157 1471 3220 sibi
1491 3157 1561 3238 ipsi,
1581 3159 1632 3221 vel
1652 3160 1698 3221 al-

13 3321 14 3326 ,
119 3252 203 3330 ltesp.
228 3253 281 3313 111.
306 3251 356 3312 Ad
376 3251 588 3329 juramentum
607 3251 670 3314 litis
694 3251 880 3316 decisoriam
933 3245 1073 3312 torisia
1096 3248 1208 3323 abaco,
1233 3265 1378 3328 expresse
1401 3249 1473 3311 mali
1497 3250 1656 3331 quidpiam
1669 3271 1697 3313 a
1729 3281 1733 3292 ·

118 3344 269 3422 judiciale,
286 3363 343 3406 seu
357 3345 440 3425 quod
455 3363 527 3425 pars
541 3345 620 3424 parti
634 3345 733 3408 defert
750 3349 784 3409 in
801 3349 881 3428 judi.
934 3342 999 3402 Deo
1012 3339 1153 3404 falsitatis
1168 3335 1289 3405 vindice
1304 3343 1500 3422 improbetur,
1517 3349 1613 3426 litiget
1626 3345 1698 3425 qui·

119 3438 181 3513 oia,
206 3437 378 3519 requiritur
399 3437 529 3501 ulterius
549 3439 730 3519 approbatio
752 3440 879 3520 judicis,
935 3434 1007 3497 dem
1021 3435 1170 3498 malitiam
1183 3437 1330 3518 periurii:
1347 3437 1403 3500 sed
1417 3439 1441 3498 si
1454 3437 1509 3500 fiat
1522 3440 1554 3500 in
1564 3440 1695 3520 justitia,

120 3553 168 3595 seu
181 3535 267 3614 quod
280 3535 358 3597 iilud
372 3551 466 3597 causa
479 3533 602 3616 cognita
617 3533 657 3596 sit
670 3551 689 3595 a
703 3534 808 3615 jndice
828 3555 883 3616 ap.
932 3529 1048 3609 Judioio
1063 3533 1095 3592 at
1106 3531 1247 3605 veritate,
1258 3531 1345 3594 nullo
1352 3533 1423 3613 jure
1433 3532 1623 3613 prohibitam
1633 3539 1695 3607 est3

120 3626 291 3703 probatum.
306 3630 352 3690 lta
366 3625 499 3689 babetur
511 3625 532 3686 l.
549 3625 585 3687 la
596 3623 677 3687 boae
685 3625 763 3707 pidet.
773 3628 880 3708 juncta
934 3619 990 3686 scd
1000 3623 1142 3684 estactus
1155 3623 1285 3699 virtutis,
1295 3624 1463 3706 religionis,
1475 3627 1569 3704 atque
1579 3631 1698 3705 protas-

120 3719 232 3794 Giossa,
249 3723 280 3798 t.
298 3718 504 3802 Perjodieem.
525 3704 551 3781 c.
577 3718 613 3781 de
631 3717 728 3781 Rebas
750 3721 879 3785 credito.
936 3714 1009 3777 tatio
1023 3715 1166 3794 quadam
1185 3716 1296 3778 divina
1312 3717 1496 3792 veracitatis,
1511 3720 1543 3779 81
1556 3716 1694 3796 justitiae.

120 3814 178 3874 etl.
196 3811 881 3895 (1888811188.ξ8881]“888888818.8.8888181
935 3811 999 3873 lmo
1021 3809 1219 3888 quandoque,
1242 3809 1413 3889 presertim
1433 3827 1489 3892 pro
1509 3809 1696 3891 rudioribus,

119 3905 244 3968 dicitnr:
267 3904 359 3968 asad
374 3907 551 3986 juramento
572 3904 668 3980 illato,
690 3923 763 3966 oum
782 3907 842 3970 boc
863 3926 882 3970 a
935 3904 1110 3965 consultum
1124 3909 1181 3981 est,
1202 3902 1261 3963 sab
1283 3902 1336 3966 tali
1356 3901 1488 3964 formula
1510 3903 1700 3967 execratoria

119 3998 254 4077 partibus
267 3997 386 4060 iactum
399 3997 503 4072 merit,
520 4005 550 4061 et
569 4016 588 4058 a
606 3997 711 4078 judice
732 4000 882 4078 approba·
936 3997 1059 4076 exigere
1069 3997 1283 4076 juramentum
1304 3995 1366 4058 tius
1385 3996 1590 4059 decisoriam:
1614 3997 1697 4078 quia,

120 4097 219 4153 tumr
239 4093 281 4154 Et
294 4091 338 4152 aia
354 4089 450 4168 (addit
463 4090 570 4152 Glossa
584 4091 658 4154 ibid.
676 4096 707 4170 t.
723 4094 881 4176 Approda-
936 4091 961 4151 si
980 4089 1063 4151 istud
1086 4088 1194 4152 debite·
1209 4090 1275 4163 fiat,
1299 4107 1364 4150 non
1385 4089 1486 4152 solam
1508 4098 1593 4154 oarct
1615 4091 1699 4154 omni

121 4183 188 4262 tem)
201 4190 252 4245 eat
263 4182 433 4264 judiciale:
450 4189 481 4244 et
495 4182 565 4246 idea
580 4183 663 4262 dicit,
692 4205 707 4243 a
729 4188 882 4268 approba·
935 4183 1163 4264 nevopeccati,
1179 4183 1342 4247 sedetiam
1360 4202 1507 4266 magum
1525 4185 1587 4245 vim
1606 4183 1700 4246 babet

119 4284 189 4351 tum,
205 4299 219 4336 8
235 4276 311 4355 quia
325 4277 513 4356 quandoque
527 4295 590 4339 non
604 4276 774 4358 approbet,
800 4286 834 4342 ut
856 4282 881 4342 si
936 4274 1113 4338 deterrendi
1127 4275 1270 4337 homiues
1283 4294 1302 4337 a
1315 4277 1468 4356 periuriis.
1485 4277 1574 4341 Unde
1591 4281 1701 4340 notant

119 4370 177 4444 1118,
191 4371 241 4432 cui
257 4368 407 4443 deles-tur,
423 4369 505 4432 dicat
519 4389 552 4432 sc
567 4371 687 4433 nescire
705 4371 879 4448 veritatem,
936 4372 1090 4447 doctores,
1107 4369 1190 4449 quod
1205 4371 1257 4432 abi
1271 4389 1328 4450 per
1340 4371 1512 4446 decretum,
1530 4387 1587 4432 seu
1604 4373 1701 4432 statu·

121 4469 151 4526 ut
162 4464 182 4525 1.
196 4461 414 4543 ,Ιιιῄιιναιιᾱιιηι
429 4469 457 4524 ct
469 4462 510 4524 ad
519 4464 666 4545 praecoma.
682 4463 714 4525 ff.
728 4463 760 4526 b.
777 4471 799 4526 t.
927 4469 1003 4526 tum
1024 4462 1232 4543 municipale,
1256 4462 1467 4542 praescribitur
1492 4463 1593 4525 forma
1617 4464 1702 4543 jura·

155 4558 221 4618 tae.
245 4552 507 4636 Adjaramratum
520 4557 711 4618 88888888νί888
726 4555 818 4638 plora
836 4575 884 4618 re-
936 4557 1033 4620 menti
1058 4575 1128 4619 cum
1153 4557 1438 4636 imprecationibus,
1463 4558 1524 4620 tale
1543 4559 1703 4639 juramen·

120 4649 275 4731 8818888188·
280 4665 295 4725 ,·
308 4655 337 4709 et
348 4645 434 4730 qaae?
445 4649 586 4728 -Resp
601 4650 651 4711 tv.
668 4649 715 4712 Ad
725 4651 884 4730 juramen·
936 4660 1003 4714 tam
1017 4652 1155 4729 requirat
1167 4649 1530 4729 personalitatemjurarc
1541 4651 1699 4718 debenda:

119 4753 178 4802 tum
192 4741 418 4816 necessarium,
435 4759 491 4803 seu
507 4749 541 4805 at
553 4742 635 4806 istud
649 4761 668 4804 a
678 4742 783 4823 judice
797 4743 883 4805 delc-
937 4749 969 4809 et
990 4746 1063 4807 binc
1091 4741 1244 4823 ejusmodi
1269 4743 1480 4822 juramentum
1507 4761 1569 4806 non
1600 4749 1701 4826 potest

120 4841 201 4895 rator
222 4833 306 4914 parti
328 4833 361 4894 in
389 4835 640 4914 supplementum
670 4837 881 4917 probationis,
936 4837 1074 4920 prestari
1088 4855 1144 4917 per
1157 4842 1390 4916 procuratorem
1400 4854 1472 4898 cum
1482 4837 1607 4917 speciali
1616 4856 1702 4900 man-

120 4930 203 5008 plura
224 4929 447 5008 acquiramur:
472 4930 666 5011 copulative:
692 4949 823 5010 nempe,
850 4936 883 4993 nt
936 4932 1021 5006 dato,
1037 4930 1092 4992 sed
1106 4929 1199 4991 debet
1212 4928 1388 5008 principalis
1401 4931 1516 5010 jurare.
1533 4933 1577 4993 lta
1596 4930 1702 4991 obser·

120 5037 209 5082 caasa
222 5023 263 5084 ait
276 5019 393 5096 dubia;
408 5021 468 5084 hoc
482 5027 540 5097 est,
560 5025 644 5103 quod
666 5041 728 5085 non
750 5025 789 5086 sit
811 5041 883 5104 pro·
935 5023 1074 5087 rabones
1088 5021 1227 5084 forenses
1240 5039 1305 5084 sac.
1322 5029 1449 5084 senatus
1465 5023 1700 5098 Pedemontani,

120 5113 222 5176 batum
236 5113 342 5194 81888,
364 5115 420 5175 sed
442 5116 621 5195 semiplene.
643 5118 721 5178 Item
741 5115 882 5197 legalitas
937 5117 1091 5180 observat.
1112 5118 1171 5192 62,
1196 5133 1227 5176 a.
1253 5119 1290 5191 5,
1316 5119 1387 5196 post
1410 5116 1601 5192 Gratianum,
1626 5131 1703 5176 con·

121 5211 317 5286 personae,ut
334 5206 882 5290 videlicetdeteraturduntaxatpar-
936 5210 1058 5272 81198.
1084 5225 1115 5270 n.
1142 5209 1190 5270 11.
1212 5210 1233 5271 1.
1259 5211 1301 5282 11;
1330 5211 1457 5272 Hieron.
1486 5209 1525 5270 de
1553 5207 1699 5272 Laurent.

121 5315 201 5362 saue
224 5301 375 5380 honestae,
400 5309 493 5382 atque
515 5305 645 5385 integrae
664 5303 737 5364 fidei
759 5322 766 5364 :
795 5302 881 5364 baad
934 5303 1029 5366 Deoia.
1051 5321 1133 5363 auro.
1155 5307 1186 5365 t.
1202 5320 1234 5364 n.
1250 5305 1289 5376 33
1312 5301 1474 5367 (larocium
1498 5301 1531 5363 in
1553 5303 1644 5363 tract.
1668 5301 1704 5364 de

121 5390 270 5470 8188188818,
287 5395 370 5475 quod
384 5393 415 5456 in
437 5397 613 5477 juramento
636 5396 819 5474 voluntmio,
844 5413 881 5458 ac
933 5396 1098 5460 laramcot.
1122 5393 1218 5458 decis.
1247 5400 1359 5476 quast.
1388 5399 1417 5458 9.
1452 5413 1483 5475 q.
1519 5396 1568 5456 13.
1601 5393 1698 5474 princ.
