<?xml version="1.0" encoding="UTF-8"?>
<!DOCTYPE html PUBLIC "-//W3C//DTD XHTML 1.0 Transitional//EN"
    "http://www.w3.org/TR/xhtml1/DTD/xhtml1-transitional.dtd">
<html xmlns="http://www.w3.org/1999/xhtml" xml:lang="en" lang="en">
 <head>
  <title>
</title>
<meta http-equiv="Content-Type" content="text/html;charset=utf-8" />
  <meta name='ocr-system' content='tesseract 3.04.00' />
  <meta name='ocr-capabilities' content='ocr_page ocr_carea ocr_par ocr_line ocrx_word'/>
</head>
<body>
  <div class='ocr_page' id='page_1' title='image "./juscanonicumuni00pellgoog_0265.png"; bbox 0 0 4028 6068; ppageno 0'>
   <div class='ocr_carea' id='block_1_1' title="bbox 276 212 1591 284">
    <p class='ocr_par' dir='ltr' id='par_1_1' title="bbox 276 212 1591 284">
     <span class='ocr_line' id='line_1_1' title="bbox 276 212 1591 284; baseline -0.007 -2"><span class='ocrx_word' id='word_1_1' title='bbox 276 219 336 284; x_wconf 72' lang='lat'><strong>252</strong></span> <span class='ocrx_word' id='word_1_2' title='bbox 541 216 612 280; x_wconf 86' lang='lat' dir='ltr'><strong>LIB.</strong></span> <span class='ocrx_word' id='word_1_3' title='bbox 633 219 668 280; x_wconf 89' lang='lat' dir='ltr'><strong>ll.</strong></span> <span class='ocrx_word' id='word_1_4' title='bbox 691 215 899 282; x_wconf 70' lang='lat' dir='ltr'><strong>necantes.</strong></span> <span class='ocrx_word' id='word_1_5' title='bbox 921 217 993 280; x_wconf 74' lang='grc' dir='ltr'><strong>ΤΠ.</strong></span> <span class='ocrx_word' id='word_1_6' title='bbox 1017 213 1119 280; x_wconf 84' lang='lat' dir='ltr'><strong>XXVI.</strong></span> <span class='ocrx_word' id='word_1_7' title='bbox 1141 215 1193 278; x_wconf 79' lang='lat' dir='ltr'><strong>DE</strong></span> <span class='ocrx_word' id='word_1_8' title='bbox 1212 212 1591 278; x_wconf 67' lang='lat' dir='ltr'><strong>ansctttt’rtonmus</strong></span> 
     </span>
    </p>
   </div>
   <div class='ocr_carea' id='block_1_2' title="bbox 274 343 1869 5468">
    <p class='ocr_par' dir='ltr' id='par_1_2' title="bbox 274 343 1869 5468">
     <span class='ocr_line' id='line_1_2' title="bbox 278 343 1865 432; baseline -0.006 -19"><span class='ocrx_word' id='word_1_9' title='bbox 278 366 368 414; x_wconf 84' lang='lat' dir='ltr'><strong>suam</strong></span> <span class='ocrx_word' id='word_1_10' title='bbox 381 355 523 432; x_wconf 87' lang='lat' dir='ltr'><strong>repetere</strong></span> <span class='ocrx_word' id='word_1_11' title='bbox 540 367 547 411; x_wconf 91' lang='lat'>:</span> <span class='ocrx_word' id='word_1_12' title='bbox 562 356 744 412; x_wconf 73' lang='lat' dir='ltr'><strong>nontamen</strong></span> <span class='ocrx_word' id='word_1_13' title='bbox 758 349 859 410; x_wconf 88' lang='lat' dir='ltr'><strong>omnis</strong></span> <span class='ocrx_word' id='word_1_14' title='bbox 872 351 921 411; x_wconf 87' lang='lat' dir='ltr'><strong>est</strong></span> <span class='ocrx_word' id='word_1_15' title='bbox 934 353 1042 414; x_wconf 89' lang='lat' dir='ltr'><strong>contra</strong></span> <span class='ocrx_word' id='word_1_16' title='bbox 1094 347 1282 428; x_wconf 79' lang='lat' dir='ltr'><strong>sumptione.</strong></span> <span class='ocrx_word' id='word_1_17' title='bbox 1307 347 1482 410; x_wconf 81' lang='lat' dir='ltr'><strong>Fatendum</strong></span> <span class='ocrx_word' id='word_1_18' title='bbox 1505 351 1621 421; x_wconf 65' lang='lat' dir='ltr'><strong>nmen,</strong></span> <span class='ocrx_word' id='word_1_19' title='bbox 1645 344 1731 425; x_wconf 89' lang='lat' dir='ltr'><strong>quod</strong></span> <span class='ocrx_word' id='word_1_20' title='bbox 1752 343 1865 424; x_wconf 86' lang='lat' dir='ltr'><strong>plnres</strong></span> 
     </span>
     <span class='ocr_line' id='line_1_3' title="bbox 274 437 1865 527; baseline -0.006 -20"><span class='ocrx_word' id='word_1_21' title='bbox 274 445 326 527; x_wconf 84' lang='lat' dir='ltr'><strong>jus</strong></span> <span class='ocrx_word' id='word_1_22' title='bbox 349 461 524 508; x_wconf 90' lang='lat' dir='ltr'><strong>commune.</strong></span> <span class='ocrx_word' id='word_1_23' title='bbox 556 444 699 515; x_wconf 84' lang='lat' dir='ltr'><strong>Ouinimo</strong></span> <span class='ocrx_word' id='word_1_24' title='bbox 733 443 785 523; x_wconf 87' lang='lat' dir='ltr'><strong>jus</strong></span> <span class='ocrx_word' id='word_1_25' title='bbox 808 460 973 505; x_wconf 87' lang='lat' dir='ltr'><strong>commune</strong></span> <span class='ocrx_word' id='word_1_26' title='bbox 996 442 1041 503; x_wconf 87' lang='lat' dir='ltr'><strong>in·</strong></span> <span class='ocrx_word' id='word_1_27' title='bbox 1094 441 1237 504; x_wconf 89' lang='lat' dir='ltr'><strong>doctores</strong></span> <span class='ocrx_word' id='word_1_28' title='bbox 1250 441 1361 518; x_wconf 87' lang='lat' dir='ltr'><strong>velint,</strong></span> <span class='ocrx_word' id='word_1_29' title='bbox 1376 440 1450 502; x_wconf 90' lang='lat' dir='ltr'><strong>illud</strong></span> <span class='ocrx_word' id='word_1_30' title='bbox 1474 458 1544 502; x_wconf 89' lang='lat' dir='ltr'><strong>esse</strong></span> <span class='ocrx_word' id='word_1_31' title='bbox 1564 439 1698 521; x_wconf 76' lang='lat' dir='ltr'><strong>speciale</strong></span> <span class='ocrx_word' id='word_1_32' title='bbox 1717 437 1865 500; x_wconf 81' lang='lat' dir='ltr'><strong>inservi-</strong></span> 
     </span>
     <span class='ocr_line' id='line_1_4' title="bbox 278 533 1866 622; baseline -0.006 -21"><span class='ocrx_word' id='word_1_33' title='bbox 278 539 367 602; x_wconf 86' lang='lat' dir='ltr'><strong>duxit</strong></span> <span class='ocrx_word' id='word_1_34' title='bbox 388 538 491 622; x_wconf 77' lang='lat' dir='ltr'><strong>legem</strong></span> <span class='ocrx_word' id='word_1_35' title='bbox 514 537 554 600; x_wconf 82' lang='lat' dir='ltr'><strong>de</strong></span> <span class='ocrx_word' id='word_1_36' title='bbox 577 537 817 619; x_wconf 73' lang='lat' dir='ltr'><strong>prescriptione,</strong></span> <span class='ocrx_word' id='word_1_37' title='bbox 842 542 906 598; x_wconf 82' lang='lat' dir='ltr'><strong>tem</strong></span> <span class='ocrx_word' id='word_1_38' title='bbox 926 537 967 598; x_wconf 92' lang='lat' dir='ltr'><strong>ad</strong></span> <span class='ocrx_word' id='word_1_39' title='bbox 987 553 1042 616; x_wconf 88' lang='lat' dir='ltr'><strong>pu·</strong></span> <span class='ocrx_word' id='word_1_40' title='bbox 1095 535 1214 598; x_wconf 88' lang='lat' dir='ltr'><strong>tutibus</strong></span> <span class='ocrx_word' id='word_1_41' title='bbox 1227 535 1476 616; x_wconf 73' lang='lat' dir='ltr'><strong>prescribendis,</strong></span> <span class='ocrx_word' id='word_1_42' title='bbox 1487 538 1593 615; x_wconf 88' lang='lat' dir='ltr'><strong>utpote</strong></span> <span class='ocrx_word' id='word_1_43' title='bbox 1608 535 1640 596; x_wconf 91' lang='lat' dir='ltr'><strong>in</strong></span> <span class='ocrx_word' id='word_1_44' title='bbox 1653 533 1768 614; x_wconf 77' lang='lat' dir='ltr'><strong>quibos</strong></span> <span class='ocrx_word' id='word_1_45' title='bbox 1779 547 1866 610; x_wconf 78' lang='lat' dir='ltr'><strong>proe-</strong></span> 
     </span>
     <span class='ocr_line' id='line_1_5' title="bbox 279 625 1865 712; baseline -0.006 -18"><span class='ocrx_word' id='word_1_46' title='bbox 279 633 427 696; x_wconf 89' lang='lat' dir='ltr'><strong>nieudam</strong></span> <span class='ocrx_word' id='word_1_47' title='bbox 458 633 665 712; x_wconf 85' lang='lat' dir='ltr'><strong>quorumdum</strong></span> <span class='ocrx_word' id='word_1_48' title='bbox 695 632 858 705; x_wconf 80' lang='lat' dir='ltr'><strong>desidiam,</strong></span> <span class='ocrx_word' id='word_1_49' title='bbox 886 649 936 693; x_wconf 92' lang='lat' dir='ltr'><strong>res</strong></span> <span class='ocrx_word' id='word_1_50' title='bbox 969 647 1042 692; x_wconf 81' lang='lat' dir='ltr'><strong>sues</strong></span> <span class='ocrx_word' id='word_1_51' title='bbox 1095 629 1230 709; x_wconf 77' lang='lat' dir='ltr'><strong>sumptio</strong></span> <span class='ocrx_word' id='word_1_52' title='bbox 1251 628 1400 692; x_wconf 79' lang='lat' dir='ltr'><strong>libertatis</strong></span> <span class='ocrx_word' id='word_1_53' title='bbox 1428 635 1570 692; x_wconf 80' lang='lat' dir='ltr'><strong>versetur</strong></span> <span class='ocrx_word' id='word_1_54' title='bbox 1595 629 1678 692; x_wconf 86' lang='lat' dir='ltr'><strong>circa</strong></span> <span class='ocrx_word' id='word_1_55' title='bbox 1705 625 1865 688; x_wconf 81' lang='lat' dir='ltr'><strong>modicam</strong></span> 
     </span>
     <span class='ocr_line' id='line_1_6' title="bbox 279 721 1266 808; baseline -0.004 -18"><span class='ocrx_word' id='word_1_56' title='bbox 279 726 375 808; x_wconf 80' lang='lat' dir='ltr'><strong>longo</strong></span> <span class='ocrx_word' id='word_1_57' title='bbox 393 732 533 807; x_wconf 90' lang='lat' dir='ltr'><strong>tempore</strong></span> <span class='ocrx_word' id='word_1_58' title='bbox 554 729 696 806; x_wconf 88' lang='lat' dir='ltr'><strong>repetere</strong></span> <span class='ocrx_word' id='word_1_59' title='bbox 716 726 959 806; x_wconf 70' lang='lat' dir='ltr'><strong>negligentium</strong></span> <span class='ocrx_word' id='word_1_60' title='bbox 975 731 1042 788; x_wconf 89' lang='lat' dir='ltr'><strong>tum</strong></span> <span class='ocrx_word' id='word_1_61' title='bbox 1095 721 1266 786; x_wconf 76' lang='lat' dir='ltr'><strong>lesionem.</strong></span> 
     </span>
     <span class='ocr_line' id='line_1_7' title="bbox 280 816 1043 901; baseline -0.008 -19"><span class='ocrx_word' id='word_1_62' title='bbox 280 820 374 884; x_wconf 86' lang='lat' dir='ltr'><strong>etiem</strong></span> <span class='ocrx_word' id='word_1_63' title='bbox 388 820 430 881; x_wconf 86' lang='lat' dir='ltr'><strong>ad</strong></span> <span class='ocrx_word' id='word_1_64' title='bbox 442 819 688 882; x_wconf 77' lang='lat' dir='ltr'><strong>conservandam</strong></span> <span class='ocrx_word' id='word_1_65' title='bbox 698 819 854 901; x_wconf 86' lang='lat' dir='ltr'><strong>publicem</strong></span> <span class='ocrx_word' id='word_1_66' title='bbox 863 830 972 898; x_wconf 79' lang='lat' dir='ltr'><strong>pacem</strong></span> <span class='ocrx_word' id='word_1_67' title='bbox 983 816 1043 878; x_wconf 84' lang='lat' dir='ltr'><strong>rei-</strong></span> 
     </span>
     <span class='ocr_line' id='line_1_8' title="bbox 279 909 1519 993; baseline -0.001 -21"><span class='ocrx_word' id='word_1_68' title='bbox 279 911 430 992; x_wconf 72' lang='lat' dir='ltr'><strong>publice,</strong></span> <span class='ocrx_word' id='word_1_69' title='bbox 461 931 497 975; x_wconf 89' lang='lat' dir='ltr'><strong>ec</strong></span> <span class='ocrx_word' id='word_1_70' title='bbox 528 912 695 993; x_wconf 80' lang='lat' dir='ltr'><strong>sopiendos</strong></span> <span class='ocrx_word' id='word_1_71' title='bbox 720 910 853 975; x_wconf 80' lang='lat' dir='ltr'><strong>infinitus</strong></span> <span class='ocrx_word' id='word_1_72' title='bbox 880 927 1043 990; x_wconf 89' lang='lat' dir='ltr'><strong>propemo·</strong></span> <span class='ocrx_word' id='word_1_73' title='bbox 1432 909 1519 990; x_wconf 78' lang='lat' dir='ltr'><strong>§vt</strong></span> 
     </span>
     <span class='ocr_line' id='line_1_9' title="bbox 280 1003 1444 1085; baseline -0.005 -17"><span class='ocrx_word' id='word_1_74' title='bbox 280 1005 356 1068; x_wconf 91' lang='lat' dir='ltr'><strong>dum</strong></span> <span class='ocrx_word' id='word_1_75' title='bbox 369 1005 450 1080; x_wconf 88' lang='lat' dir='ltr'><strong>lites,</strong></span> <span class='ocrx_word' id='word_1_76' title='bbox 464 1023 534 1085; x_wconf 75' lang='lat' dir='ltr'><strong>quio</strong></span> <span class='ocrx_word' id='word_1_77' title='bbox 555 1006 692 1085; x_wconf 88' lang='lat' dir='ltr'><strong>alioquin</strong></span> <span class='ocrx_word' id='word_1_78' title='bbox 710 1007 782 1067; x_wconf 86' lang='lat' dir='ltr'><strong>oriri</strong></span> <span class='ocrx_word' id='word_1_79' title='bbox 796 1008 934 1085; x_wconf 87' lang='lat' dir='ltr'><strong>possent.</strong></span> <span class='ocrx_word' id='word_1_80' title='bbox 951 1003 1041 1068; x_wconf 89' lang='lat' dir='ltr'><strong>Unde</strong></span> <span class='ocrx_word' id='word_1_81' title='bbox 1443 1023 1444 1028; x_wconf 44' lang='lat'>¹</span> 
     </span>
     <span class='ocr_line' id='line_1_10' title="bbox 279 1096 1867 1177; baseline 0 -19"><span class='ocrx_word' id='word_1_82' title='bbox 279 1097 374 1160; x_wconf 87' lang='lat' dir='ltr'><strong>etiem</strong></span> <span class='ocrx_word' id='word_1_83' title='bbox 387 1097 432 1172; x_wconf 82' lang='lat' dir='ltr'><strong>rit,</strong></span> <span class='ocrx_word' id='word_1_84' title='bbox 444 1096 528 1176; x_wconf 91' lang='lat' dir='ltr'><strong>quod</strong></span> <span class='ocrx_word' id='word_1_85' title='bbox 542 1096 694 1177; x_wconf 85' lang='lat' dir='ltr'><strong>complete</strong></span> <span class='ocrx_word' id='word_1_86' title='bbox 709 1096 805 1160; x_wconf 86' lang='lat' dir='ltr'><strong>semel</strong></span> <span class='ocrx_word' id='word_1_87' title='bbox 819 1097 902 1158; x_wconf 84' lang='lat' dir='ltr'><strong>bona</strong></span> <span class='ocrx_word' id='word_1_88' title='bbox 914 1096 977 1158; x_wconf 87' lang='lat' dir='ltr'><strong>tide</strong></span> <span class='ocrx_word' id='word_1_89' title='bbox 986 1114 1044 1176; x_wconf 87' lang='lat' dir='ltr'><strong>per</strong></span> <span class='ocrx_word' id='word_1_90' title='bbox 1095 1113 1133 1162; x_wconf 77' lang='lat' dir='ltr'><strong>nr</strong></span> <span class='ocrx_word' id='word_1_91' title='bbox 1160 1111 1293 1162; x_wconf 68' lang='lat' dir='ltr'><strong>murone</strong></span> <span class='ocrx_word' id='word_1_92' title='bbox 1321 1114 1362 1160; x_wconf 75' lang='lat' dir='ltr'><strong>nn</strong></span> <span class='ocrx_word' id='word_1_93' title='bbox 1390 1111 1593 1164; x_wconf 70' lang='lat' dir='ltr'><strong>cournnnntrr,</strong></span> <span class='ocrx_word' id='word_1_94' title='bbox 1607 1110 1867 1160; x_wconf 77' lang='lat' dir='ltr'><strong>rnsscnmwm</strong></span> 
     </span>
     <span class='ocr_line' id='line_1_11' title="bbox 279 1189 1832 1285; baseline 0.001 -33"><span class='ocrx_word' id='word_1_95' title='bbox 279 1191 416 1285; x_wconf 76' lang='lat' dir='ltr'><strong>alterum</strong></span> <span class='ocrx_word' id='word_1_96' title='bbox 431 1191 673 1272; x_wconf 79' lang='lat' dir='ltr'><strong>prescriptione,</strong></span> <span class='ocrx_word' id='word_1_97' title='bbox 699 1192 819 1255; x_wconf 80' lang='lat' dir='ltr'><strong>amittet</strong></span> <span class='ocrx_word' id='word_1_98' title='bbox 840 1189 924 1271; x_wconf 92' lang='lat' dir='ltr'><strong>prior</strong></span> <span class='ocrx_word' id='word_1_99' title='bbox 946 1189 1043 1250; x_wconf 90' lang='lat' dir='ltr'><strong>domi·</strong></span> <span class='ocrx_word' id='word_1_100' title='bbox 1123 1207 1658 1272; x_wconf 76' lang='lat' dir='ltr'><strong>muu‚snnv1rnrurr,sracrrcntnt</strong></span> <span class='ocrx_word' id='word_1_101' title='bbox 1670 1207 1832 1262; x_wconf 72' lang='lat' dir='ltr'><strong>monne.</strong></span> 
     </span>
     <span class='ocr_line' id='line_1_12' title="bbox 280 1277 1301 1364; baseline -0.004 -18"><span class='ocrx_word' id='word_1_102' title='bbox 280 1282 1042 1364; x_wconf 67' lang='lat' dir='ltr'><strong>nusjnssuumadrem,quemtemporeleg’d)us</strong></span> <span class='ocrx_word' id='word_1_103' title='bbox 1298 1277 1301 1286; x_wconf 90' lang='lat'>&#39;</span> 
     </span>
     <span class='ocr_line' id='line_1_13' title="bbox 282 1375 1867 1460; baseline -0.001 -20"><span class='ocrx_word' id='word_1_104' title='bbox 282 1377 410 1441; x_wconf 87' lang='lat' dir='ltr'><strong>definito</strong></span> <span class='ocrx_word' id='word_1_105' title='bbox 423 1395 487 1438; x_wconf 91' lang='lat' dir='ltr'><strong>non</strong></span> <span class='ocrx_word' id='word_1_106' title='bbox 500 1377 652 1457; x_wconf 83' lang='lat' dir='ltr'><strong>repetivit,</strong></span> <span class='ocrx_word' id='word_1_107' title='bbox 669 1384 722 1440; x_wconf 87' lang='lat' dir='ltr'><strong>aut</strong></span> <span class='ocrx_word' id='word_1_108' title='bbox 735 1381 877 1457; x_wconf 89' lang='lat' dir='ltr'><strong>repetere</strong></span> <span class='ocrx_word' id='word_1_109' title='bbox 891 1376 1039 1457; x_wconf 74' lang='lat' dir='ltr'><strong>neglexit.</strong></span> <span class='ocrx_word' id='word_1_110' title='bbox 1137 1383 1205 1444; x_wconf 83' lang='grc'><strong>118.</strong></span> <span class='ocrx_word' id='word_1_111' title='bbox 1229 1380 1285 1443; x_wconf 82' lang='lat' dir='ltr'><strong>Res</strong></span> <span class='ocrx_word' id='word_1_112' title='bbox 1308 1378 1424 1442; x_wconf 79' lang='lat' dir='ltr'><strong>nwbilcs</strong></span> <span class='ocrx_word' id='word_1_113' title='bbox 1440 1379 1623 1460; x_wconf 76' lang='lat' dir='ltr'><strong>pnbctorum</strong></span> <span class='ocrx_word' id='word_1_114' title='bbox 1643 1397 1707 1440; x_wconf 83' lang='lat' dir='ltr'><strong>cum</strong></span> <span class='ocrx_word' id='word_1_115' title='bbox 1726 1375 1819 1450; x_wconf 72' lang='grc'><strong>1111110,</strong></span> <span class='ocrx_word' id='word_1_116' title='bbox 1834 1385 1867 1438; x_wconf 82' lang='lat' dir='ltr'><strong>ct</strong></span> 
     </span>
     <span class='ocr_line' id='line_1_14' title="bbox 321 1468 1867 1555; baseline -0.003 -21"><span class='ocrx_word' id='word_1_117' title='bbox 321 1473 389 1534; x_wconf 84' lang='grc'><strong>116.</strong></span> <span class='ocrx_word' id='word_1_118' title='bbox 411 1470 448 1533; x_wconf 82' lang='lat' dir='ltr'><strong>In</strong></span> <span class='ocrx_word' id='word_1_119' title='bbox 460 1471 584 1533; x_wconf 76' lang='lat' dir='ltr'><strong>materia</strong></span> <span class='ocrx_word' id='word_1_120' title='bbox 602 1471 844 1552; x_wconf 66' lang='lat' dir='ltr'><strong>proscriptionis,</strong></span> <span class='ocrx_word' id='word_1_121' title='bbox 859 1489 894 1533; x_wconf 88' lang='lat' dir='ltr'><strong>oc</strong></span> <span class='ocrx_word' id='word_1_122' title='bbox 914 1470 993 1534; x_wconf 76' lang='lat' dir='ltr'><strong>tiroli</strong></span> <span class='ocrx_word' id='word_1_123' title='bbox 1005 1468 1045 1532; x_wconf 85' lang='lat' dir='ltr'><strong>od</strong></span> <span class='ocrx_word' id='word_1_124' title='bbox 1097 1471 1169 1536; x_wconf 84' lang='lat' dir='ltr'><strong>bono</strong></span> <span class='ocrx_word' id='word_1_125' title='bbox 1189 1472 1258 1555; x_wconf 78' lang='lat' dir='ltr'><strong>fide,</strong></span> <span class='ocrx_word' id='word_1_126' title='bbox 1278 1472 1509 1555; x_wconf 67' lang='lat' dir='ltr'><strong>muretenses</strong></span> <span class='ocrx_word' id='word_1_127' title='bbox 1529 1471 1652 1534; x_wconf 79' lang='lat' dir='ltr'><strong>triennio</strong></span> <span class='ocrx_word' id='word_1_128' title='bbox 1671 1491 1683 1534; x_wconf 94' lang='lat'><strong>.·</strong></span> <span class='ocrx_word' id='word_1_129' title='bbox 1703 1469 1867 1532; x_wconf 72' lang='lat' dir='ltr'><strong>immobiles</strong></span> 
     </span>
     <span class='ocr_line' id='line_1_15' title="bbox 281 1563 1865 1648; baseline -0.002 -20"><span class='ocrx_word' id='word_1_130' title='bbox 281 1583 344 1628; x_wconf 85' lang='lat' dir='ltr'><strong>com</strong></span> <span class='ocrx_word' id='word_1_131' title='bbox 366 1563 508 1647; x_wconf 74' lang='lat' dir='ltr'><strong><em>requisiti,</em></strong></span> <span class='ocrx_word' id='word_1_132' title='bbox 523 1583 581 1626; x_wconf 76' lang='lat' dir='ltr'><strong>reon</strong></span> <span class='ocrx_word' id='word_1_133' title='bbox 601 1572 643 1626; x_wconf 79' lang='lat' dir='ltr'><strong>est</strong></span> <span class='ocrx_word' id='word_1_134' title='bbox 660 1563 824 1644; x_wconf 74' lang='lat' dir='ltr'><strong>differentia</strong></span> <span class='ocrx_word' id='word_1_135' title='bbox 843 1564 919 1626; x_wconf 78' lang='lat' dir='ltr'><strong>inter</strong></span> <span class='ocrx_word' id='word_1_136' title='bbox 934 1563 989 1644; x_wconf 79' lang='lat' dir='ltr'><strong>jus</strong></span> <span class='ocrx_word' id='word_1_137' title='bbox 1002 1563 1044 1624; x_wconf 86' lang='lat' dir='ltr'><strong>ci-</strong></span> <span class='ocrx_word' id='word_1_138' title='bbox 1093 1583 1150 1648; x_wconf 82' lang='lat' dir='ltr'><strong>per</strong></span> <span class='ocrx_word' id='word_1_139' title='bbox 1163 1566 1243 1648; x_wconf 78' lang='lat' dir='ltr'><strong>lonpi</strong></span> <span class='ocrx_word' id='word_1_140' title='bbox 1259 1567 1396 1647; x_wconf 83' lang='lat' dir='ltr'><strong>temporis</strong></span> <span class='ocrx_word' id='word_1_141' title='bbox 1413 1564 1625 1648; x_wconf 63' lang='lat' dir='ltr'><strong>miscentem.</strong></span> <span class='ocrx_word' id='word_1_142' title='bbox 1641 1565 1777 1646; x_wconf 80' lang='lat' dir='ltr'><strong>Lonqum</strong></span> <span class='ocrx_word' id='word_1_143' title='bbox 1792 1569 1865 1625; x_wconf 77' lang='lat' dir='ltr'><strong>em-</strong></span> 
     </span>
     <span class='ocr_line' id='line_1_16' title="bbox 280 1656 1862 1741; baseline -0.002 -20"><span class='ocrx_word' id='word_1_144' title='bbox 280 1658 566 1722; x_wconf 81' lang='lat' dir='ltr'><strong>citeetccnonicum.</strong></span> <span class='ocrx_word' id='word_1_145' title='bbox 588 1693 628 1708; x_wconf 87' lang='lat'><em>-</em></span> <span class='ocrx_word' id='word_1_146' title='bbox 647 1659 788 1739; x_wconf 81' lang='lat' dir='ltr'><strong>Urgebis.</strong></span> <span class='ocrx_word' id='word_1_147' title='bbox 809 1659 907 1721; x_wconf 86' lang='lat' dir='ltr'><strong>Citato</strong></span> <span class='ocrx_word' id='word_1_148' title='bbox 926 1675 997 1737; x_wconf 88' lang='lat' dir='ltr'><strong>cap.</strong></span> <span class='ocrx_word' id='word_1_149' title='bbox 1019 1675 1040 1719; x_wconf 93' lang='lat'><strong>1.</strong></span> <span class='ocrx_word' id='word_1_150' title='bbox 1094 1677 1153 1741; x_wconf 80' lang='lat' dir='ltr'><strong>pus</strong></span> <span class='ocrx_word' id='word_1_151' title='bbox 1172 1658 1251 1740; x_wconf 79' lang='lat' dir='ltr'><strong>qood</strong></span> <span class='ocrx_word' id='word_1_152' title='bbox 1273 1665 1423 1721; x_wconf 73' lang='lat' dir='ltr'><strong>cessentur</strong></span> <span class='ocrx_word' id='word_1_153' title='bbox 1444 1659 1476 1719; x_wconf 81' lang='lat' dir='ltr'><strong>in</strong></span> <span class='ocrx_word' id='word_1_154' title='bbox 1496 1657 1575 1739; x_wconf 78' lang='lat' dir='ltr'><strong>jure.</strong></span> <span class='ocrx_word' id='word_1_155' title='bbox 1596 1689 1636 1706; x_wconf 93' lang='lat'><em>-</em></span> <span class='ocrx_word' id='word_1_156' title='bbox 1660 1656 1817 1729; x_wconf 78' lang='lat' dir='ltr'><strong>Outeritur</strong></span> <span class='ocrx_word' id='word_1_157' title='bbox 1837 1658 1862 1718; x_wconf 97' lang='lat' dir='ltr'><strong>l.</strong></span> 
     </span>
     <span class='ocr_line' id='line_1_17' title="bbox 280 1749 1866 1832; baseline -0.001 -18"><span class='ocrx_word' id='word_1_158' title='bbox 280 1749 315 1814; x_wconf 88' lang='lat' dir='ltr'><strong>de</strong></span> <span class='ocrx_word' id='word_1_159' title='bbox 336 1751 555 1832; x_wconf 82' lang='lat' dir='ltr'><strong>Proescripticn.</strong></span> <span class='ocrx_word' id='word_1_160' title='bbox 586 1752 619 1813; x_wconf 92' lang='lat' dir='ltr'><strong>in</strong></span> <span class='ocrx_word' id='word_1_161' title='bbox 641 1755 671 1814; x_wconf 85' lang='grc'><strong>6.</strong></span> <span class='ocrx_word' id='word_1_162' title='bbox 700 1751 734 1814; x_wconf 85' lang='lat' dir='ltr'><strong>iit</strong></span> <span class='ocrx_word' id='word_1_163' title='bbox 756 1753 857 1813; x_wconf 89' lang='lat' dir='ltr'><strong>solum</strong></span> <span class='ocrx_word' id='word_1_164' title='bbox 880 1767 981 1813; x_wconf 88' lang='lat' dir='ltr'><strong>sermo</strong></span> <span class='ocrx_word' id='word_1_165' title='bbox 1004 1750 1044 1812; x_wconf 89' lang='lat' dir='ltr'><strong>de</strong></span> <span class='ocrx_word' id='word_1_166' title='bbox 1097 1754 1253 1824; x_wconf 81' lang='lat' dir='ltr'><strong>Quantum</strong></span> <span class='ocrx_word' id='word_1_167' title='bbox 1274 1753 1423 1832; x_wconf 88' lang='lat' dir='ltr'><strong>temporis</strong></span> <span class='ocrx_word' id='word_1_168' title='bbox 1440 1752 1617 1832; x_wconf 77' lang='lat' dir='ltr'>requiratur</span> <span class='ocrx_word' id='word_1_169' title='bbox 1636 1751 1677 1813; x_wconf 86' lang='lat' dir='ltr'><strong>ad</strong></span> <span class='ocrx_word' id='word_1_170' title='bbox 1699 1751 1866 1831; x_wconf 70' lang='lat' dir='ltr'><strong>prescrip-</strong></span> 
     </span>
     <span class='ocr_line' id='line_1_18' title="bbox 282 1843 1868 1925; baseline -0.002 -18"><span class='ocrx_word' id='word_1_171' title='bbox 282 1845 512 1925; x_wconf 73' lang='lat' dir='ltr'><strong>prescriptione</strong></span> <span class='ocrx_word' id='word_1_172' title='bbox 530 1863 636 1908; x_wconf 87' lang='lat' dir='ltr'><strong>rerum</strong></span> <span class='ocrx_word' id='word_1_173' title='bbox 657 1845 959 1924; x_wconf 72' lang='lat' dir='ltr'><strong>ecclesiasticarum,</strong></span> <span class='ocrx_word' id='word_1_174' title='bbox 974 1844 1041 1906; x_wconf 91' lang='lat' dir='ltr'><strong>ibi:</strong></span> <span class='ocrx_word' id='word_1_175' title='bbox 1098 1844 1215 1908; x_wconf 80' lang='lat' dir='ltr'><strong>donem</strong></span> <span class='ocrx_word' id='word_1_176' title='bbox 1235 1863 1340 1907; x_wconf 89' lang='lat' dir='ltr'><strong>rerum</strong></span> <span class='ocrx_word' id='word_1_177' title='bbox 1354 1851 1421 1908; x_wconf 90' lang='lat' dir='ltr'><strong>tum</strong></span> <span class='ocrx_word' id='word_1_178' title='bbox 1443 1843 1617 1915; x_wconf 83' lang='lat' dir='ltr'><strong>mobilium,</strong></span> <span class='ocrx_word' id='word_1_179' title='bbox 1633 1848 1700 1907; x_wconf 88' lang='lat' dir='ltr'><strong>tum</strong></span> <span class='ocrx_word' id='word_1_180' title='bbox 1719 1843 1868 1906; x_wconf 89' lang='lat' dir='ltr'><strong>immobi-</strong></span> 
     </span>
     <span class='ocr_line' id='line_1_19' title="bbox 287 1937 1865 2019; baseline 0.002 -25"><span class='ocrx_word' id='word_1_181' title='bbox 287 1959 302 1994; x_wconf 79' lang='lat' dir='ltr'><strong>r</strong></span> <span class='ocrx_word' id='word_1_182' title='bbox 315 1939 371 2012; x_wconf 88' lang='lat' dir='ltr'><strong>Qui</strong></span> <span class='ocrx_word' id='word_1_183' title='bbox 385 1956 452 2000; x_wconf 90' lang='lat' dir='ltr'><strong>rem</strong></span> <span class='ocrx_word' id='word_1_184' title='bbox 465 1938 637 2019; x_wconf 75' lang='lat' dir='ltr'><strong>prescribit</strong></span> <span class='ocrx_word' id='word_1_185' title='bbox 657 1939 896 2003; x_wconf 80' lang='lat' dir='ltr'><strong>ecclesiasticam</strong></span> <span class='ocrx_word' id='word_1_186' title='bbox 911 1957 918 2000; x_wconf 92' lang='lat'><strong>:</strong></span> <span class='ocrx_word' id='word_1_187' title='bbox 935 1961 949 2000; x_wconf 86' lang='lat' dir='ltr'><strong>r</strong></span> <span class='ocrx_word' id='word_1_188' title='bbox 968 1957 1044 2018; x_wconf 78' lang='lat' dir='ltr'><strong>ergo</strong></span> <span class='ocrx_word' id='word_1_189' title='bbox 1097 1938 1185 2013; x_wconf 88' lang='lat' dir='ltr'><strong>lium,</strong></span> <span class='ocrx_word' id='word_1_190' title='bbox 1201 1944 1310 2002; x_wconf 81' lang='lat' dir='ltr'><strong>contre</strong></span> <span class='ocrx_word' id='word_1_191' title='bbox 1329 1939 1484 2018; x_wconf 69' lang='lat' dir='ltr'><strong>privatos?</strong></span> <span class='ocrx_word' id='word_1_192' title='bbox 1506 1939 1598 2016; x_wconf 87' lang='lat' dir='ltr'><strong>ltesp.</strong></span> <span class='ocrx_word' id='word_1_193' title='bbox 1612 1940 1637 2001; x_wconf 93' lang='grc' dir='ltr'><strong>Ι.</strong></span> <span class='ocrx_word' id='word_1_194' title='bbox 1652 1939 1697 2000; x_wconf 86' lang='lat' dir='ltr'><strong>De</strong></span> <span class='ocrx_word' id='word_1_195' title='bbox 1717 1937 1801 2000; x_wconf 84' lang='lat' dir='ltr'><strong>lecto</strong></span> <span class='ocrx_word' id='word_1_196' title='bbox 1814 1955 1865 1999; x_wconf 81' lang='lat' dir='ltr'><strong>res</strong></span> 
     </span>
     <span class='ocr_line' id='line_1_20' title="bbox 281 2028 1861 2112; baseline 0 -20"><span class='ocrx_word' id='word_1_197' title='bbox 281 2030 441 2110; x_wconf 82' lang='lat' dir='ltr'><strong>dispositio</strong></span> <span class='ocrx_word' id='word_1_198' title='bbox 451 2031 532 2092; x_wconf 91' lang='lat' dir='ltr'><strong>illius</strong></span> <span class='ocrx_word' id='word_1_199' title='bbox 542 2029 705 2093; x_wconf 89' lang='lat' dir='ltr'><strong>decretalis</strong></span> <span class='ocrx_word' id='word_1_200' title='bbox 714 2049 777 2092; x_wconf 91' lang='lat' dir='ltr'><strong>non</strong></span> <span class='ocrx_word' id='word_1_201' title='bbox 791 2038 838 2092; x_wconf 86' lang='lat' dir='ltr'><strong>est</strong></span> <span class='ocrx_word' id='word_1_202' title='bbox 848 2031 1044 2094; x_wconf 78' lang='lat' dir='ltr'><strong>extendendo</strong></span> <span class='ocrx_word' id='word_1_203' title='bbox 1097 2030 1228 2094; x_wconf 83' lang='lat' dir='ltr'><strong>mobiles</strong></span> <span class='ocrx_word' id='word_1_204' title='bbox 1242 2032 1432 2112; x_wconf 77' lang='lat' dir='ltr'><strong>privatorum</strong></span> <span class='ocrx_word' id='word_1_205' title='bbox 1453 2048 1525 2092; x_wconf 89' lang='lat' dir='ltr'><strong>oum</strong></span> <span class='ocrx_word' id='word_1_206' title='bbox 1538 2031 1626 2093; x_wconf 90' lang='lat' dir='ltr'><strong>titulo</strong></span> <span class='ocrx_word' id='word_1_207' title='bbox 1642 2037 1672 2092; x_wconf 87' lang='lat' dir='ltr'><strong>ct</strong></span> <span class='ocrx_word' id='word_1_208' title='bbox 1685 2028 1861 2098; x_wconf 85' lang='lat' dir='ltr'><strong>bonafide.</strong></span> 
     </span>
     <span class='ocr_line' id='line_1_21' title="bbox 281 2122 1865 2205; baseline -0.001 -21"><span class='ocrx_word' id='word_1_209' title='bbox 281 2125 322 2186; x_wconf 89' lang='lat' dir='ltr'><strong>ad</strong></span> <span class='ocrx_word' id='word_1_210' title='bbox 334 2122 598 2204; x_wconf 67' lang='lat' dir='ltr'><strong>proscriptionem</strong></span> <span class='ocrx_word' id='word_1_211' title='bbox 618 2141 723 2186; x_wconf 90' lang='lat' dir='ltr'><strong>rerum</strong></span> <span class='ocrx_word' id='word_1_212' title='bbox 737 2123 886 2201; x_wconf 83' lang='lat' dir='ltr'><strong>civilium,</strong></span> <span class='ocrx_word' id='word_1_213' title='bbox 902 2142 958 2186; x_wconf 90' lang='lat' dir='ltr'><strong>seu</strong></span> <span class='ocrx_word' id='word_1_214' title='bbox 972 2141 1044 2204; x_wconf 93' lang='lat' dir='ltr'><strong>pro·</strong></span> <span class='ocrx_word' id='word_1_215' title='bbox 1099 2127 1323 2205; x_wconf 84' lang='lat' dir='ltr'><strong>usucapiuntur</strong></span> <span class='ocrx_word' id='word_1_216' title='bbox 1337 2124 1469 2188; x_wconf 89' lang='lat' dir='ltr'><strong>triennio</strong></span> <span class='ocrx_word' id='word_1_217' title='bbox 1482 2143 1490 2185; x_wconf 76' lang='grc' dir='ltr'><strong><em>ε</em></strong></span> <span class='ocrx_word' id='word_1_218' title='bbox 1502 2137 1553 2185; x_wconf 87' lang='lat' dir='ltr'><strong>res</strong></span> <span class='ocrx_word' id='word_1_219' title='bbox 1566 2123 1742 2186; x_wconf 81' lang='lat' dir='ltr'><strong>immobiles</strong></span> <span class='ocrx_word' id='word_1_220' title='bbox 1755 2129 1865 2184; x_wconf 84' lang='lat' dir='ltr'><strong>autem</strong></span> 
     </span>
     <span class='ocr_line' id='line_1_22' title="bbox 281 2215 1863 2298; baseline -0.002 -17"><span class='ocrx_word' id='word_1_221' title='bbox 281 2219 434 2291; x_wconf 75' lang='lat' dir='ltr'><strong>enarum,</strong></span> <span class='ocrx_word' id='word_1_222' title='bbox 450 2216 591 2296; x_wconf 82' lang='lat' dir='ltr'><strong>quemvis</strong></span> <span class='ocrx_word' id='word_1_223' title='bbox 609 2217 662 2296; x_wconf 85' lang='lat' dir='ltr'><strong>jus</strong></span> <span class='ocrx_word' id='word_1_224' title='bbox 681 2235 846 2279; x_wconf 88' lang='lat' dir='ltr'><strong>commune</strong></span> <span class='ocrx_word' id='word_1_225' title='bbox 865 2216 905 2280; x_wconf 89' lang='lat' dir='ltr'><strong>sit</strong></span> <span class='ocrx_word' id='word_1_226' title='bbox 922 2224 1045 2280; x_wconf 82' lang='lat' dir='ltr'><strong>contra·</strong></span> <span class='ocrx_word' id='word_1_227' title='bbox 1097 2235 1155 2298; x_wconf 90' lang='lat' dir='ltr'><strong>per</strong></span> <span class='ocrx_word' id='word_1_228' title='bbox 1169 2217 1265 2296; x_wconf 81' lang='lat' dir='ltr'><strong>longi</strong></span> <span class='ocrx_word' id='word_1_229' title='bbox 1292 2215 1441 2296; x_wconf 89' lang='lat' dir='ltr'><strong>temporis</strong></span> <span class='ocrx_word' id='word_1_230' title='bbox 1467 2215 1712 2296; x_wconf 71' lang='lat' dir='ltr'><strong>possessionem</strong></span> <span class='ocrx_word' id='word_1_231' title='bbox 1742 2215 1777 2278; x_wconf 89' lang='lat' dir='ltr'><strong>id</strong></span> <span class='ocrx_word' id='word_1_232' title='bbox 1804 2221 1863 2288; x_wconf 88' lang='lat' dir='ltr'><strong>est,</strong></span> 
     </span>
     <span class='ocr_line' id='line_1_23' title="bbox 282 2307 1865 2388; baseline 0.001 -18"><span class='ocrx_word' id='word_1_233' title='bbox 282 2311 361 2371; x_wconf 89' lang='lat' dir='ltr'><strong>rium</strong></span> <span class='ocrx_word' id='word_1_234' title='bbox 375 2307 596 2388; x_wconf 71' lang='lat' dir='ltr'><strong>proscribenti.</strong></span> <span class='ocrx_word' id='word_1_235' title='bbox 621 2307 715 2387; x_wconf 85' lang='lat' dir='ltr'><strong>Resp.</strong></span> <span class='ocrx_word' id='word_1_236' title='bbox 739 2325 812 2388; x_wconf 80' lang='lat' dir='ltr'><strong>neg.</strong></span> <span class='ocrx_word' id='word_1_237' title='bbox 839 2315 1041 2388; x_wconf 77' lang='lat' dir='ltr'><strong>consequent.</strong></span> <span class='ocrx_word' id='word_1_238' title='bbox 1098 2309 1250 2374; x_wconf 88' lang='lat' dir='ltr'><strong>decennio</strong></span> <span class='ocrx_word' id='word_1_239' title='bbox 1271 2308 1351 2370; x_wconf 90' lang='lat' dir='ltr'><strong>inter</strong></span> <span class='ocrx_word' id='word_1_240' title='bbox 1373 2315 1562 2386; x_wconf 79' lang='lat' dir='ltr'><strong>presentes,</strong></span> <span class='ocrx_word' id='word_1_241' title='bbox 1588 2313 1618 2369; x_wconf 89' lang='lat' dir='ltr'><strong>et</strong></span> <span class='ocrx_word' id='word_1_242' title='bbox 1640 2307 1751 2387; x_wconf 76' lang='lat' dir='ltr'><strong>viginti</strong></span> <span class='ocrx_word' id='word_1_243' title='bbox 1774 2310 1865 2371; x_wconf 86' lang='lat' dir='ltr'><strong>annis</strong></span> 
     </span>
     <span class='ocr_line' id='line_1_24' title="bbox 282 2401 1865 2483; baseline 0 -19"><span class='ocrx_word' id='word_1_244' title='bbox 282 2401 1044 2481; x_wconf 81' lang='lat' dir='ltr'><strong>Quieinmaterispraesoriptionis,ectiluliodeum</strong></span> <span class='ocrx_word' id='word_1_245' title='bbox 1097 2403 1357 2468; x_wconf 84' lang='lat' dir='ltr'><strong>interabsentes.</strong></span> <span class='ocrx_word' id='word_1_246' title='bbox 1380 2405 1425 2465; x_wconf 85' lang='lat' dir='ltr'><strong>lte</strong></span> <span class='ocrx_word' id='word_1_247' title='bbox 1445 2417 1528 2462; x_wconf 90' lang='lat' dir='ltr'><strong>nunc</strong></span> <span class='ocrx_word' id='word_1_248' title='bbox 1550 2401 1745 2476; x_wconf 75' lang='lat' dir='ltr'><strong>communis3</strong></span> <span class='ocrx_word' id='word_1_249' title='bbox 1768 2408 1865 2483; x_wconf 86' lang='lat' dir='ltr'><strong>etque</strong></span> 
     </span>
     <span class='ocr_line' id='line_1_25' title="bbox 282 2492 1866 2576; baseline 0.001 -20"><span class='ocrx_word' id='word_1_250' title='bbox 282 2494 431 2576; x_wconf 85' lang='lat' dir='ltr'><strong>requisiti,</strong></span> <span class='ocrx_word' id='word_1_251' title='bbox 447 2493 533 2556; x_wconf 84' lang='lat' dir='ltr'><strong>nulle</strong></span> <span class='ocrx_word' id='word_1_252' title='bbox 547 2495 595 2554; x_wconf 89' lang='lat' dir='ltr'><strong>est</strong></span> <span class='ocrx_word' id='word_1_253' title='bbox 609 2492 784 2555; x_wconf 80' lang='lat' dir='ltr'><strong>differentis</strong></span> <span class='ocrx_word' id='word_1_254' title='bbox 798 2493 878 2556; x_wconf 85' lang='lat' dir='ltr'><strong>inter</strong></span> <span class='ocrx_word' id='word_1_255' title='bbox 888 2495 941 2573; x_wconf 87' lang='lat' dir='ltr'><strong>jus</strong></span> <span class='ocrx_word' id='word_1_256' title='bbox 956 2495 1044 2556; x_wconf 88' lang='lat' dir='ltr'><strong>civile</strong></span> <span class='ocrx_word' id='word_1_257' title='bbox 1099 2499 1220 2562; x_wconf 84' lang='lat' dir='ltr'><strong>seclusa</strong></span> <span class='ocrx_word' id='word_1_258' title='bbox 1233 2496 1319 2560; x_wconf 90' lang='lat' dir='ltr'><strong>omni</strong></span> <span class='ocrx_word' id='word_1_259' title='bbox 1332 2497 1473 2558; x_wconf 87' lang='lat' dir='ltr'><strong>locorum</strong></span> <span class='ocrx_word' id='word_1_260' title='bbox 1485 2493 1671 2568; x_wconf 83' lang='lat' dir='ltr'><strong>differentis,</strong></span> <span class='ocrx_word' id='word_1_261' title='bbox 1683 2497 1866 2576; x_wconf 74' lang='lat' dir='ltr'><strong>rejectoque</strong></span> 
     </span>
     <span class='ocr_line' id='line_1_26' title="bbox 281 2585 1867 2670; baseline -0.002 -17"><span class='ocrx_word' id='word_1_262' title='bbox 281 2587 522 2662; x_wconf 78' lang='lat' dir='ltr'><strong>etcanonioum3</strong></span> <span class='ocrx_word' id='word_1_263' title='bbox 539 2605 576 2650; x_wconf 89' lang='lat' dir='ltr'><strong>eo</strong></span> <span class='ocrx_word' id='word_1_264' title='bbox 587 2585 670 2667; x_wconf 91' lang='lat' dir='ltr'><strong>quod</strong></span> <span class='ocrx_word' id='word_1_265' title='bbox 680 2587 711 2646; x_wconf 92' lang='lat' dir='ltr'><strong>in</strong></span> <span class='ocrx_word' id='word_1_266' title='bbox 721 2587 773 2648; x_wconf 86' lang='lat' dir='ltr'><strong>tali</strong></span> <span class='ocrx_word' id='word_1_267' title='bbox 783 2604 857 2650; x_wconf 82' lang='lat' dir='ltr'><strong>casu</strong></span> <span class='ocrx_word' id='word_1_268' title='bbox 866 2587 982 2668; x_wconf 82' lang='lat' dir='ltr'><strong>dejure</strong></span> <span class='ocrx_word' id='word_1_269' title='bbox 992 2606 1045 2650; x_wconf 87' lang='lat' dir='ltr'><strong>ca·</strong></span> <span class='ocrx_word' id='word_1_270' title='bbox 1099 2590 1203 2652; x_wconf 86' lang='lat' dir='ltr'><strong>annali</strong></span> <span class='ocrx_word' id='word_1_271' title='bbox 1218 2589 1400 2670; x_wconf 86' lang='lat' dir='ltr'><strong>exceptione</strong></span> <span class='ocrx_word' id='word_1_272' title='bbox 1419 2588 1505 2667; x_wconf 90' lang='lat' dir='ltr'><strong>prius</strong></span> <span class='ocrx_word' id='word_1_273' title='bbox 1525 2587 1650 2660; x_wconf 75' lang='lat' dir='ltr'><strong>usitate,</strong></span> <span class='ocrx_word' id='word_1_274' title='bbox 1665 2587 1803 2651; x_wconf 86' lang='lat' dir='ltr'><strong>hebetur</strong></span> <span class='ocrx_word' id='word_1_275' title='bbox 1816 2607 1867 2650; x_wconf 84' lang='lat' dir='ltr'><strong>ex·</strong></span> 
     </span>
     <span class='ocr_line' id='line_1_27' title="bbox 282 2677 1866 2765; baseline -0.001 -21"><span class='ocrx_word' id='word_1_276' title='bbox 282 2681 395 2744; x_wconf 85' lang='lat' dir='ltr'><strong>norico</strong></span> <span class='ocrx_word' id='word_1_277' title='bbox 410 2681 551 2762; x_wconf 77' lang='lat' dir='ltr'><strong>exigatur</strong></span> <span class='ocrx_word' id='word_1_278' title='bbox 564 2680 670 2742; x_wconf 89' lang='lat' dir='ltr'><strong>titulus</strong></span> <span class='ocrx_word' id='word_1_279' title='bbox 684 2687 811 2762; x_wconf 91' lang='lat' dir='ltr'><strong>propter</strong></span> <span class='ocrx_word' id='word_1_280' title='bbox 822 2690 1046 2765; x_wconf 75' lang='lat' dir='ltr'><strong>presumptum</strong></span> <span class='ocrx_word' id='word_1_281' title='bbox 1098 2701 1241 2763; x_wconf 90' lang='lat' dir='ltr'><strong>pressum</strong></span> <span class='ocrx_word' id='word_1_282' title='bbox 1255 2683 1288 2743; x_wconf 90' lang='lat' dir='ltr'><strong>in</strong></span> <span class='ocrx_word' id='word_1_283' title='bbox 1307 2681 1328 2743; x_wconf 93' lang='lat' dir='ltr'><strong>l.</strong></span> <span class='ocrx_word' id='word_1_284' title='bbox 1350 2699 1404 2742; x_wconf 90' lang='lat' dir='ltr'><strong>un.</strong></span> <span class='ocrx_word' id='word_1_285' title='bbox 1420 2697 1452 2742; x_wconf 85' lang='lat' dir='ltr'><strong>o.·</strong></span> <span class='ocrx_word' id='word_1_286' title='bbox 1463 2677 1499 2742; x_wconf 83' lang='lat' dir='ltr'><strong>de</strong></span> <span class='ocrx_word' id='word_1_287' title='bbox 1521 2678 1694 2760; x_wconf 68' lang='lat' dir='ltr'><strong>lismopt&#39;on.</strong></span> <span class='ocrx_word' id='word_1_288' title='bbox 1717 2681 1866 2762; x_wconf 65' lang='lat' dir='ltr'><strong>comfor-</strong></span> 
     </span>
     <span class='ocr_line' id='line_1_28' title="bbox 281 2771 1865 2857; baseline -0.005 -17"><span class='ocrx_word' id='word_1_289' title='bbox 281 2774 524 2840; x_wconf 84' lang='lat' dir='ltr'><strong>malamtidem:</strong></span> <span class='ocrx_word' id='word_1_290' title='bbox 539 2774 692 2854; x_wconf 83' lang='lat' dir='ltr'><strong>adeoque,</strong></span> <span class='ocrx_word' id='word_1_291' title='bbox 708 2779 905 2857; x_wconf 78' lang='lat' dir='ltr'><strong>comagatur</strong></span> <span class='ocrx_word' id='word_1_292' title='bbox 919 2777 958 2840; x_wconf 90' lang='lat' dir='ltr'><strong>de</strong></span> <span class='ocrx_word' id='word_1_293' title='bbox 972 2794 1045 2856; x_wconf 89' lang='lat' dir='ltr'><strong>peo-</strong></span> <span class='ocrx_word' id='word_1_294' title='bbox 1099 2775 1198 2838; x_wconf 81' lang='lat' dir='ltr'><strong>mand.</strong></span> <span class='ocrx_word' id='word_1_295' title='bbox 1216 2775 1284 2854; x_wconf 77' lang='lat' dir='ltr'><strong>et§</strong></span> <span class='ocrx_word' id='word_1_296' title='bbox 1308 2778 1336 2837; x_wconf 93' lang='grc'><strong>1.</strong></span> <span class='ocrx_word' id='word_1_297' title='bbox 1362 2773 1460 2836; x_wconf 90' lang='lat' dir='ltr'><strong>lustit.</strong></span> <span class='ocrx_word' id='word_1_298' title='bbox 1485 2771 1521 2834; x_wconf 83' lang='lat' dir='ltr'><strong>de</strong></span> <span class='ocrx_word' id='word_1_299' title='bbox 1546 2771 1720 2854; x_wconf 80' lang='lat' dir='ltr'><strong>Usncoprbn.</strong></span> <span class='ocrx_word' id='word_1_300' title='bbox 1745 2774 1780 2834; x_wconf 92' lang='lat' dir='ltr'><strong>ln</strong></span> <span class='ocrx_word' id='word_1_301' title='bbox 1804 2790 1865 2852; x_wconf 89' lang='lat' dir='ltr'><strong>quo</strong></span> 
     </span>
     <span class='ocr_line' id='line_1_29' title="bbox 282 2863 1867 2948; baseline -0.005 -14"><span class='ocrx_word' id='word_1_302' title='bbox 282 2874 351 2934; x_wconf 85' lang='lat' dir='ltr'><strong>ceto</strong></span> <span class='ocrx_word' id='word_1_303' title='bbox 366 2867 570 2942; x_wconf 82' lang='lat' dir='ltr'><strong>excludendo,</strong></span> <span class='ocrx_word' id='word_1_304' title='bbox 586 2867 730 2930; x_wconf 72' lang='lat' dir='ltr'><strong>smndum</strong></span> <span class='ocrx_word' id='word_1_305' title='bbox 743 2869 802 2930; x_wconf 89' lang='lat' dir='ltr'><strong>erit</strong></span> <span class='ocrx_word' id='word_1_306' title='bbox 816 2869 879 2948; x_wconf 87' lang='lat' dir='ltr'><strong>juri</strong></span> <span class='ocrx_word' id='word_1_307' title='bbox 894 2871 1045 2932; x_wconf 85' lang='lat' dir='ltr'><strong>canonico</strong></span> <span class='ocrx_word' id='word_1_308' title='bbox 1099 2866 1263 2947; x_wconf 86' lang='lat' dir='ltr'><strong>posteriori</strong></span> <span class='ocrx_word' id='word_1_309' title='bbox 1276 2868 1345 2928; x_wconf 89' lang='lat' dir='ltr'><strong>loco</strong></span> <span class='ocrx_word' id='word_1_310' title='bbox 1359 2863 1541 2943; x_wconf 83' lang='lat' dir='ltr'><strong>cumprimis</strong></span> <span class='ocrx_word' id='word_1_311' title='bbox 1553 2864 1588 2926; x_wconf 84' lang='lat' dir='ltr'><strong>fit</strong></span> <span class='ocrx_word' id='word_1_312' title='bbox 1597 2863 1714 2927; x_wconf 86' lang='lat' dir='ltr'><strong>mentio</strong></span> <span class='ocrx_word' id='word_1_313' title='bbox 1728 2863 1769 2926; x_wconf 88' lang='lat' dir='ltr'><strong>de</strong></span> <span class='ocrx_word' id='word_1_314' title='bbox 1783 2865 1867 2927; x_wconf 85' lang='lat' dir='ltr'><strong>bone</strong></span> 
     </span>
     <span class='ocr_line' id='line_1_30' title="bbox 282 2956 1866 3039; baseline -0.004 -15"><span class='ocrx_word' id='word_1_315' title='bbox 282 2961 376 3026; x_wconf 86' lang='lat' dir='ltr'><strong>etiam</strong></span> <span class='ocrx_word' id='word_1_316' title='bbox 390 2962 422 3022; x_wconf 94' lang='lat' dir='ltr'><strong>in</strong></span> <span class='ocrx_word' id='word_1_317' title='bbox 437 2959 502 3022; x_wconf 83' lang='lat' dir='ltr'><strong>foro</strong></span> <span class='ocrx_word' id='word_1_318' title='bbox 517 2958 614 3033; x_wconf 77' lang='lat' dir='ltr'><strong>cirili3</strong></span> <span class='ocrx_word' id='word_1_319' title='bbox 631 2967 722 3038; x_wconf 90' lang='lat' dir='ltr'><strong>prout</strong></span> <span class='ocrx_word' id='word_1_320' title='bbox 735 2967 818 3022; x_wconf 88' lang='lat' dir='ltr'><strong>recte</strong></span> <span class='ocrx_word' id='word_1_321' title='bbox 839 2965 925 3024; x_wconf 85' lang='lat' dir='ltr'><strong>notat</strong></span> <span class='ocrx_word' id='word_1_322' title='bbox 940 2961 1046 3025; x_wconf 81' lang='lat' dir='ltr'><strong>Abbes</strong></span> <span class='ocrx_word' id='word_1_323' title='bbox 1099 2961 1171 3036; x_wconf 88' lang='lat' dir='ltr'><strong>tide,</strong></span> <span class='ocrx_word' id='word_1_324' title='bbox 1187 2977 1225 3021; x_wconf 86' lang='lat' dir='ltr'><strong>ac</strong></span> <span class='ocrx_word' id='word_1_325' title='bbox 1234 2961 1320 3039; x_wconf 88' lang='lat' dir='ltr'><strong>justo</strong></span> <span class='ocrx_word' id='word_1_326' title='bbox 1334 2959 1435 3032; x_wconf 88' lang='lat' dir='ltr'><strong>titulo,</strong></span> <span class='ocrx_word' id='word_1_327' title='bbox 1451 2956 1511 3020; x_wconf 89' lang='lat' dir='ltr'><strong>illis</strong></span> <span class='ocrx_word' id='word_1_328' title='bbox 1525 2957 1627 3018; x_wconf 88' lang='lat' dir='ltr'><strong>verbis</strong></span> <span class='ocrx_word' id='word_1_329' title='bbox 1643 2975 1651 3018; x_wconf 77' lang='grc' dir='ltr'><strong><em>ε</em></strong></span> <span class='ocrx_word' id='word_1_330' title='bbox 1668 2977 1682 3014; x_wconf 82' lang='lat' dir='ltr'><strong>o</strong></span> <span class='ocrx_word' id='word_1_331' title='bbox 1695 2959 1771 3020; x_wconf 84' lang='lat' dir='ltr'><strong>lure</strong></span> <span class='ocrx_word' id='word_1_332' title='bbox 1785 2957 1866 3019; x_wconf 85' lang='lat' dir='ltr'><strong>cirili</strong></span> 
     </span>
     <span class='ocr_line' id='line_1_31' title="bbox 282 3048 1864 3137; baseline -0.005 -19"><span class='ocrx_word' id='word_1_333' title='bbox 282 3073 310 3118; x_wconf 93' lang='lat' dir='ltr'><strong>c.</strong></span> <span class='ocrx_word' id='word_1_334' title='bbox 325 3055 364 3118; x_wconf 86' lang='lat' dir='ltr'><strong>Si</strong></span> <span class='ocrx_word' id='word_1_335' title='bbox 375 3053 548 3137; x_wconf 82' lang='lat' dir='ltr'><strong>diliqentin.</strong></span> <span class='ocrx_word' id='word_1_336' title='bbox 559 3055 609 3116; x_wconf 81' lang='lat'><strong>35.</strong></span> <span class='ocrx_word' id='word_1_337' title='bbox 620 3054 652 3114; x_wconf 92' lang='lat' dir='ltr'><strong>h.</strong></span> <span class='ocrx_word' id='word_1_338' title='bbox 663 3059 685 3115; x_wconf 92' lang='lat' dir='ltr'><strong>t.</strong></span> <span class='ocrx_word' id='word_1_339' title='bbox 699 3055 1006 3124; x_wconf 83' lang='lat' dir='ltr'><strong>etCovarruviuslib.</strong></span> <span class='ocrx_word' id='word_1_340' title='bbox 1018 3058 1043 3118; x_wconf 93' lang='grc' dir='ltr'><strong>Ι.</strong></span> <span class='ocrx_word' id='word_1_341' title='bbox 1100 3053 1302 3115; x_wconf 88' lang='lat' dir='ltr'><strong>constitutum</strong></span> <span class='ocrx_word' id='word_1_342' title='bbox 1324 3050 1442 3126; x_wconf 85' lang='lat' dir='ltr'><strong>fueret,</strong></span> <span class='ocrx_word' id='word_1_343' title='bbox 1460 3051 1560 3128; x_wconf 89' lang='lat' dir='ltr'><strong>utqui</strong></span> <span class='ocrx_word' id='word_1_344' title='bbox 1581 3049 1663 3111; x_wconf 91' lang='lat' dir='ltr'><strong>bona</strong></span> <span class='ocrx_word' id='word_1_345' title='bbox 1684 3048 1746 3112; x_wconf 90' lang='lat' dir='ltr'><strong>fide</strong></span> <span class='ocrx_word' id='word_1_346' title='bbox 1761 3049 1802 3111; x_wconf 81' lang='lat' dir='ltr'><strong>ab</strong></span> <span class='ocrx_word' id='word_1_347' title='bbox 1814 3066 1864 3126; x_wconf 89' lang='lat' dir='ltr'><strong>eo,</strong></span> 
     </span>
     <span class='ocr_line' id='line_1_32' title="bbox 287 3143 1867 3226; baseline -0.004 -16"><span class='ocrx_word' id='word_1_348' title='bbox 287 3145 402 3210; x_wconf 82' lang='lat' dir='ltr'><strong>Verior.</strong></span> <span class='ocrx_word' id='word_1_349' title='bbox 418 3145 535 3206; x_wconf 75' lang='lat' dir='ltr'><strong>recolet.</strong></span> <span class='ocrx_word' id='word_1_350' title='bbox 551 3163 621 3224; x_wconf 82' lang='lat' dir='ltr'><strong>cap.</strong></span> <span class='ocrx_word' id='word_1_351' title='bbox 636 3161 709 3207; x_wconf 78' lang='lat' dir='ltr'><strong>svn.</strong></span> <span class='ocrx_word' id='word_1_352' title='bbox 725 3163 757 3206; x_wconf 91' lang='lat' dir='ltr'><strong>n.</strong></span> <span class='ocrx_word' id='word_1_353' title='bbox 773 3149 803 3208; x_wconf 83' lang='lat' dir='ltr'><strong>l.</strong></span> <span class='ocrx_word' id='word_1_354' title='bbox 819 3145 919 3208; x_wconf 89' lang='lat' dir='ltr'><strong>citans</strong></span> <span class='ocrx_word' id='word_1_355' title='bbox 933 3147 1022 3210; x_wconf 88' lang='lat' dir='ltr'><strong>alios.</strong></span> <span class='ocrx_word' id='word_1_356' title='bbox 1099 3147 1153 3226; x_wconf 91' lang='lat' dir='ltr'><strong>qui</strong></span> <span class='ocrx_word' id='word_1_357' title='bbox 1174 3145 1319 3208; x_wconf 85' lang='lat' dir='ltr'><strong>dominus</strong></span> <span class='ocrx_word' id='word_1_358' title='bbox 1341 3161 1406 3206; x_wconf 91' lang='lat' dir='ltr'><strong>non</strong></span> <span class='ocrx_word' id='word_1_359' title='bbox 1431 3148 1509 3218; x_wconf 85' lang='lat' dir='ltr'><strong>erat,</strong></span> <span class='ocrx_word' id='word_1_360' title='bbox 1533 3161 1605 3204; x_wconf 88' lang='lat' dir='ltr'><strong>cum</strong></span> <span class='ocrx_word' id='word_1_361' title='bbox 1627 3143 1772 3206; x_wconf 89' lang='lat' dir='ltr'><strong>crederet</strong></span> <span class='ocrx_word' id='word_1_362' title='bbox 1794 3161 1867 3204; x_wconf 90' lang='lat' dir='ltr'><strong>eum</strong></span> 
     </span>
     <span class='ocr_line' id='line_1_33' title="bbox 323 3235 1863 3322; baseline -0.002 -21"><span class='ocrx_word' id='word_1_363' title='bbox 323 3243 392 3301; x_wconf 78' lang='lat' dir='ltr'><strong>tt&#39;t.</strong></span> <span class='ocrx_word' id='word_1_364' title='bbox 418 3237 525 3300; x_wconf 80' lang='lat' dir='ltr'><strong>l&#39;ectue</strong></span> <span class='ocrx_word' id='word_1_365' title='bbox 538 3237 570 3298; x_wconf 85' lang='lat' dir='ltr'><strong>in</strong></span> <span class='ocrx_word' id='word_1_366' title='bbox 592 3255 657 3320; x_wconf 85' lang='lat' dir='ltr'><strong>cap.</strong></span> <span class='ocrx_word' id='word_1_367' title='bbox 672 3255 695 3312; x_wconf 91' lang='lat'><strong>1,</strong></span> <span class='ocrx_word' id='word_1_368' title='bbox 711 3238 740 3300; x_wconf 82' lang='lat' dir='ltr'><strong>t.</strong></span> <span class='ocrx_word' id='word_1_369' title='bbox 766 3248 790 3301; x_wconf 89' lang='lat' dir='ltr'><strong>t.</strong></span> <span class='ocrx_word' id='word_1_370' title='bbox 810 3239 841 3300; x_wconf 80' lang='lat' dir='ltr'><strong>in</strong></span> <span class='ocrx_word' id='word_1_371' title='bbox 858 3243 888 3302; x_wconf 91' lang='grc'><strong>6.</strong></span> <span class='ocrx_word' id='word_1_372' title='bbox 901 3240 1043 3322; x_wconf 81' lang='lat' dir='ltr'><strong>procedit,</strong></span> <span class='ocrx_word' id='word_1_373' title='bbox 1099 3239 1260 3300; x_wconf 87' lang='lat' dir='ltr'><strong>dominum</strong></span> <span class='ocrx_word' id='word_1_374' title='bbox 1274 3254 1355 3310; x_wconf 88' lang='lat' dir='ltr'><strong>esse,</strong></span> <span class='ocrx_word' id='word_1_375' title='bbox 1367 3252 1436 3298; x_wconf 88' lang='lat' dir='ltr'><strong>rem</strong></span> <span class='ocrx_word' id='word_1_376' title='bbox 1447 3235 1568 3308; x_wconf 87' lang='lat' dir='ltr'><strong>emerit,</strong></span> <span class='ocrx_word' id='word_1_377' title='bbox 1577 3235 1627 3296; x_wconf 90' lang='lat' dir='ltr'><strong>vel</strong></span> <span class='ocrx_word' id='word_1_378' title='bbox 1636 3255 1674 3298; x_wconf 86' lang='lat' dir='ltr'><strong>ex</strong></span> <span class='ocrx_word' id='word_1_379' title='bbox 1683 3235 1863 3313; x_wconf 87' lang='lat' dir='ltr'><strong>donatione,</strong></span> 
     </span>
     <span class='ocr_line' id='line_1_34' title="bbox 284 3329 1863 3416; baseline -0.001 -22"><span class='ocrx_word' id='word_1_380' title='bbox 284 3330 400 3416; x_wconf 79' lang='lat' dir='ltr'><strong>qnando</strong></span> <span class='ocrx_word' id='word_1_381' title='bbox 413 3331 468 3412; x_wconf 82' lang='lat' dir='ltr'><strong>jos</strong></span> <span class='ocrx_word' id='word_1_382' title='bbox 485 3348 632 3392; x_wconf 83' lang='lat' dir='ltr'><strong>commane</strong></span> <span class='ocrx_word' id='word_1_383' title='bbox 648 3330 765 3410; x_wconf 62' lang='lat' dir='ltr'><strong>sortite</strong></span> <span class='ocrx_word' id='word_1_384' title='bbox 784 3332 893 3395; x_wconf 71' lang='lat' dir='ltr'><strong>restitit</strong></span> <span class='ocrx_word' id='word_1_385' title='bbox 911 3335 1046 3414; x_wconf 73' lang='lat' dir='ltr'><strong>prosci-</strong></span> <span class='ocrx_word' id='word_1_386' title='bbox 1100 3333 1198 3394; x_wconf 77' lang='lat' dir='ltr'><strong>alieve</strong></span> <span class='ocrx_word' id='word_1_387' title='bbox 1213 3330 1355 3410; x_wconf 87' lang='lat' dir='ltr'><strong>quamvis</strong></span> <span class='ocrx_word' id='word_1_388' title='bbox 1372 3329 1457 3409; x_wconf 86' lang='lat' dir='ltr'><strong>justa</strong></span> <span class='ocrx_word' id='word_1_389' title='bbox 1470 3345 1565 3390; x_wconf 80' lang='lat' dir='ltr'><strong>causa</strong></span> <span class='ocrx_word' id='word_1_390' title='bbox 1586 3330 1754 3410; x_wconf 82' lang='lat' dir='ltr'><strong>occeperit,</strong></span> <span class='ocrx_word' id='word_1_391' title='bbox 1770 3353 1785 3390; x_wconf 76' lang='lat' dir='ltr'><strong>a</strong></span> <span class='ocrx_word' id='word_1_392' title='bbox 1804 3337 1863 3392; x_wconf 86' lang='lat' dir='ltr'><strong>etc.</strong></span> 
     </span>
     <span class='ocr_line' id='line_1_35' title="bbox 285 3423 1866 3505; baseline -0.003 -17"><span class='ocrx_word' id='word_1_393' title='bbox 285 3425 371 3488; x_wconf 69' lang='lat' dir='ltr'><strong>une.</strong></span> <span class='ocrx_word' id='word_1_394' title='bbox 382 3456 421 3469; x_wconf 93' lang='lat'>—</span> <span class='ocrx_word' id='word_1_395' title='bbox 434 3423 577 3494; x_wconf 80' lang='lat' dir='ltr'><strong>instabis.</strong></span> <span class='ocrx_word' id='word_1_396' title='bbox 593 3424 806 3488; x_wconf 79' lang='lat' dir='ltr'><strong>Presoribenti</strong></span> <span class='ocrx_word' id='word_1_397' title='bbox 820 3426 999 3500; x_wconf 87' lang='lat' dir='ltr'><strong>servitutem</strong></span> <span class='ocrx_word' id='word_1_398' title='bbox 1014 3429 1046 3490; x_wconf 93' lang='lat' dir='ltr'><strong>in</strong></span> <span class='ocrx_word' id='word_1_399' title='bbox 1099 3430 1200 3505; x_wconf 77' lang='lat' dir='ltr'><strong>Atque</strong></span> <span class='ocrx_word' id='word_1_400' title='bbox 1216 3423 1296 3485; x_wconf 84' lang='lat' dir='ltr'><strong>inira</strong></span> <span class='ocrx_word' id='word_1_401' title='bbox 1319 3423 1477 3503; x_wconf 91' lang='lat' dir='ltr'><strong>loquendo</strong></span> <span class='ocrx_word' id='word_1_402' title='bbox 1497 3423 1537 3484; x_wconf 89' lang='lat' dir='ltr'><strong>de</strong></span> <span class='ocrx_word' id='word_1_403' title='bbox 1556 3423 1651 3485; x_wconf 89' lang='lat' dir='ltr'><strong>rebus</strong></span> <span class='ocrx_word' id='word_1_404' title='bbox 1668 3423 1805 3503; x_wconf 83' lang='lat' dir='ltr'><strong>qualiter</strong></span> <span class='ocrx_word' id='word_1_405' title='bbox 1818 3441 1866 3484; x_wconf 85' lang='lat' dir='ltr'><strong>ec-</strong></span> 
     </span>
     <span class='ocr_line' id='line_1_36' title="bbox 285 3511 1866 3600; baseline -0.002 -19"><span class='ocrx_word' id='word_1_406' title='bbox 285 3511 460 3594; x_wconf 89' lang='lat' dir='ltr'><strong>aliolundo,</strong></span> <span class='ocrx_word' id='word_1_407' title='bbox 473 3517 654 3580; x_wconf 77' lang='lat' dir='ltr'><strong>adversetur</strong></span> <span class='ocrx_word' id='word_1_408' title='bbox 663 3519 864 3600; x_wconf 77' lang='lat' dir='ltr'><strong>praesumptio</strong></span> <span class='ocrx_word' id='word_1_409' title='bbox 875 3521 954 3599; x_wconf 83' lang='lat' dir='ltr'><strong>juris</strong></span> <span class='ocrx_word' id='word_1_410' title='bbox 964 3540 1046 3584; x_wconf 88' lang='lat' dir='ltr'><strong>com·</strong></span> <span class='ocrx_word' id='word_1_411' title='bbox 1100 3517 1231 3600; x_wconf 78' lang='lat' dir='ltr'><strong>quisine,</strong></span> <span class='ocrx_word' id='word_1_412' title='bbox 1247 3522 1341 3596; x_wconf 84' lang='lat' dir='ltr'><strong>etque</strong></span> <span class='ocrx_word' id='word_1_413' title='bbox 1354 3514 1506 3594; x_wconf 88' lang='lat' dir='ltr'><strong>possessis</strong></span> <span class='ocrx_word' id='word_1_414' title='bbox 1519 3515 1718 3598; x_wconf 74' lang='lat' dir='ltr'><strong>subiungitur</strong></span> <span class='ocrx_word' id='word_1_415' title='bbox 1735 3534 1743 3576; x_wconf 91' lang='lat'>:</span> <span class='ocrx_word' id='word_1_416' title='bbox 1764 3517 1866 3578; x_wconf 86' lang='lat' dir='ltr'><strong>nCau-</strong></span> 
     </span>
     <span class='ocr_line' id='line_1_37' title="bbox 285 3608 1867 3694; baseline -0.003 -20"><span class='ocrx_word' id='word_1_417' title='bbox 285 3612 385 3674; x_wconf 89' lang='lat' dir='ltr'><strong>munis</strong></span> <span class='ocrx_word' id='word_1_418' title='bbox 399 3612 485 3692; x_wconf 88' lang='lat' dir='ltr'><strong>(nam</strong></span> <span class='ocrx_word' id='word_1_419' title='bbox 500 3610 660 3689; x_wconf 89' lang='lat' dir='ltr'><strong>quodlibet</strong></span> <span class='ocrx_word' id='word_1_420' title='bbox 680 3612 833 3692; x_wconf 83' lang='lat' dir='ltr'><strong>praedium</strong></span> <span class='ocrx_word' id='word_1_421' title='bbox 847 3616 1045 3694; x_wconf 84' lang='lat' dir='ltr'><strong>praesumitur</strong></span> <span class='ocrx_word' id='word_1_422' title='bbox 1100 3618 1167 3676; x_wconf 88' lang='lat' dir='ltr'><strong>tum</strong></span> <span class='ocrx_word' id='word_1_423' title='bbox 1182 3617 1239 3688; x_wconf 89' lang='lat' dir='ltr'><strong>est,</strong></span> <span class='ocrx_word' id='word_1_424' title='bbox 1263 3618 1371 3673; x_wconf 87' lang='lat' dir='ltr'><strong>utres</strong></span> <span class='ocrx_word' id='word_1_425' title='bbox 1393 3608 1520 3688; x_wconf 89' lang='lat' dir='ltr'><strong>quidem</strong></span> <span class='ocrx_word' id='word_1_426' title='bbox 1542 3609 1673 3672; x_wconf 90' lang='lat' dir='ltr'><strong>mobiles</strong></span> <span class='ocrx_word' id='word_1_427' title='bbox 1696 3627 1754 3689; x_wconf 87' lang='lat' dir='ltr'><strong>per</strong></span> <span class='ocrx_word' id='word_1_428' title='bbox 1773 3609 1867 3674; x_wconf 83' lang='lat' dir='ltr'><strong>trien-</strong></span> 
     </span>
     <span class='ocr_line' id='line_1_38' title="bbox 283 3703 1867 3787; baseline -0.001 -21"><span class='ocrx_word' id='word_1_429' title='bbox 283 3705 427 3779; x_wconf 80' lang='lat' dir='ltr'><strong>liberum,</strong></span> <span class='ocrx_word' id='word_1_430' title='bbox 456 3705 515 3766; x_wconf 90' lang='lat' dir='ltr'><strong>nisi</strong></span> <span class='ocrx_word' id='word_1_431' title='bbox 537 3705 684 3784; x_wconf 88' lang='lat' dir='ltr'><strong>probetur</strong></span> <span class='ocrx_word' id='word_1_432' title='bbox 710 3706 910 3780; x_wconf 90' lang='lat' dir='ltr'><strong>contrarium,</strong></span> <span class='ocrx_word' id='word_1_433' title='bbox 932 3725 999 3787; x_wconf 81' lang='lat' dir='ltr'><strong>erg.</strong></span> <span class='ocrx_word' id='word_1_434' title='bbox 1021 3707 1044 3770; x_wconf 91' lang='lat'><strong>1.</strong></span> <span class='ocrx_word' id='word_1_435' title='bbox 1101 3707 1199 3780; x_wconf 87' lang='lat' dir='ltr'><strong>nium,</strong></span> <span class='ocrx_word' id='word_1_436' title='bbox 1224 3703 1400 3767; x_wconf 89' lang='lat' dir='ltr'><strong>immobiles</strong></span> <span class='ocrx_word' id='word_1_437' title='bbox 1426 3720 1500 3766; x_wconf 87' lang='lat' dir='ltr'><strong>vero</strong></span> <span class='ocrx_word' id='word_1_438' title='bbox 1523 3721 1580 3782; x_wconf 88' lang='lat' dir='ltr'><strong>per</strong></span> <span class='ocrx_word' id='word_1_439' title='bbox 1603 3703 1690 3784; x_wconf 79' lang='lat' dir='ltr'><strong>longi</strong></span> <span class='ocrx_word' id='word_1_440' title='bbox 1718 3703 1867 3783; x_wconf 87' lang='lat' dir='ltr'><strong>temporis</strong></span> 
     </span>
     <span class='ocr_line' id='line_1_39' title="bbox 284 3794 1867 3880; baseline -0.001 -19"><span class='ocrx_word' id='word_1_441' title='bbox 284 3797 394 3861; x_wconf 77' lang='lat' dir='ltr'><strong>Altius.</strong></span> <span class='ocrx_word' id='word_1_442' title='bbox 410 3798 443 3860; x_wconf 87' lang='lat' dir='ltr'><strong>G.</strong></span> <span class='ocrx_word' id='word_1_443' title='bbox 458 3794 495 3859; x_wconf 86' lang='lat' dir='ltr'><strong>dc</strong></span> <span class='ocrx_word' id='word_1_444' title='bbox 509 3796 654 3859; x_wconf 83' lang='lat' dir='ltr'><strong>Seruitct.</strong></span> <span class='ocrx_word' id='word_1_445' title='bbox 670 3816 743 3860; x_wconf 91' lang='lat' dir='ltr'><strong>cum</strong></span> <span class='ocrx_word' id='word_1_446' title='bbox 757 3799 982 3861; x_wconf 80' lang='lat' dir='ltr'><strong>concordandis</strong></span> <span class='ocrx_word' id='word_1_447' title='bbox 992 3799 1047 3860; x_wconf 89' lang='lat' dir='ltr'><strong>ibi·</strong></span> <span class='ocrx_word' id='word_1_448' title='bbox 1100 3798 1331 3880; x_wconf 89' lang='lat' dir='ltr'><strong>possessionem</strong></span> <span class='ocrx_word' id='word_1_449' title='bbox 1343 3796 1388 3875; x_wconf 92' lang='lat' dir='ltr'><strong>(id</strong></span> <span class='ocrx_word' id='word_1_450' title='bbox 1402 3801 1459 3868; x_wconf 86' lang='lat' dir='ltr'><strong>est,</strong></span> <span class='ocrx_word' id='word_1_451' title='bbox 1475 3796 1555 3858; x_wconf 86' lang='lat' dir='ltr'><strong>inter</strong></span> <span class='ocrx_word' id='word_1_452' title='bbox 1569 3800 1742 3877; x_wconf 75' lang='lat' dir='ltr'><strong>presentes</strong></span> <span class='ocrx_word' id='word_1_453' title='bbox 1755 3798 1867 3860; x_wconf 87' lang='lat' dir='ltr'><strong>decen-</strong></span> 
     </span>
     <span class='ocr_line' id='line_1_40' title="bbox 284 3888 1869 3973; baseline 0.001 -22"><span class='ocrx_word' id='word_1_454' title='bbox 284 3890 357 3952; x_wconf 90' lang='lat' dir='ltr'><strong>dem</strong></span> <span class='ocrx_word' id='word_1_455' title='bbox 371 3909 390 3952; x_wconf 88' lang='lat' dir='ltr'><strong>a</strong></span> <span class='ocrx_word' id='word_1_456' title='bbox 403 3891 509 3954; x_wconf 84' lang='lat' dir='ltr'><strong>Glosse</strong></span> <span class='ocrx_word' id='word_1_457' title='bbox 523 3891 676 3970; x_wconf 88' lang='lat' dir='ltr'><strong>adductis)</strong></span> <span class='ocrx_word' id='word_1_458' title='bbox 691 3896 840 3954; x_wconf 89' lang='lat' dir='ltr'><strong>ettamen</strong></span> <span class='ocrx_word' id='word_1_459' title='bbox 854 3893 1046 3973; x_wconf 80' lang='lat' dir='ltr'><strong>edprseecri·</strong></span> <span class='ocrx_word' id='word_1_460' title='bbox 1101 3893 1165 3967; x_wconf 91' lang='lat' dir='ltr'><strong>nio,</strong></span> <span class='ocrx_word' id='word_1_461' title='bbox 1181 3892 1422 3956; x_wconf 86' lang='lat' dir='ltr'><strong>interabsentes</strong></span> <span class='ocrx_word' id='word_1_462' title='bbox 1436 3888 1546 3972; x_wconf 76' lang='lat' dir='ltr'><strong>viginti</strong></span> <span class='ocrx_word' id='word_1_463' title='bbox 1561 3891 1662 3970; x_wconf 85' lang='lat' dir='ltr'><strong>annis)</strong></span> <span class='ocrx_word' id='word_1_464' title='bbox 1677 3891 1869 3972; x_wconf 87' lang='lat' dir='ltr'><strong>usucapiun-</strong></span> 
     </span>
     <span class='ocr_line' id='line_1_41' title="bbox 284 3983 1747 4064; baseline -0.001 -17"><span class='ocrx_word' id='word_1_465' title='bbox 284 3983 419 4047; x_wconf 86' lang='lat' dir='ltr'><strong>bendem</strong></span> <span class='ocrx_word' id='word_1_466' title='bbox 442 3984 622 4046; x_wconf 84' lang='lat' dir='ltr'><strong>servitutem</strong></span> <span class='ocrx_word' id='word_1_467' title='bbox 635 3983 667 4044; x_wconf 94' lang='lat' dir='ltr'><strong>in</strong></span> <span class='ocrx_word' id='word_1_468' title='bbox 680 3984 783 4046; x_wconf 78' lang='lat' dir='ltr'><strong>alieno</strong></span> <span class='ocrx_word' id='word_1_469' title='bbox 797 3983 903 4062; x_wconf 90' lang='lat' dir='ltr'><strong>lundo,</strong></span> <span class='ocrx_word' id='word_1_470' title='bbox 920 4003 983 4046; x_wconf 91' lang='lat' dir='ltr'><strong>non</strong></span> <span class='ocrx_word' id='word_1_471' title='bbox 996 4003 1047 4047; x_wconf 90' lang='lat' dir='ltr'><strong>re·</strong></span> <span class='ocrx_word' id='word_1_472' title='bbox 1089 3989 1161 4050; x_wconf 85' lang='lat' dir='ltr'><strong>tur.</strong></span> <span class='ocrx_word' id='word_1_473' title='bbox 1177 4007 1193 4045; x_wconf 81' lang='lat' dir='ltr'><strong>r</strong></span> <span class='ocrx_word' id='word_1_474' title='bbox 1211 3987 1285 4047; x_wconf 81' lang='lat' dir='ltr'><strong>Haec</strong></span> <span class='ocrx_word' id='word_1_475' title='bbox 1298 3985 1351 4058; x_wconf 82' lang='lat' dir='ltr'><strong>ibi.</strong></span> <span class='ocrx_word' id='word_1_476' title='bbox 1368 3985 1426 4050; x_wconf 88' lang='lat' dir='ltr'><strong>Pro</strong></span> <span class='ocrx_word' id='word_1_477' title='bbox 1439 3983 1530 4064; x_wconf 85' lang='lat' dir='ltr'><strong>cujus</strong></span> <span class='ocrx_word' id='word_1_478' title='bbox 1544 3983 1747 4064; x_wconf 82' lang='lat' dir='ltr'><strong>intelligentis</strong></span> 
     </span>
     <span class='ocr_line' id='line_1_42' title="bbox 285 4074 1868 4158; baseline 0.003 -22"><span class='ocrx_word' id='word_1_479' title='bbox 285 4077 416 4156; x_wconf 91' lang='lat' dir='ltr'><strong>quiritur</strong></span> <span class='ocrx_word' id='word_1_480' title='bbox 428 4075 535 4138; x_wconf 88' lang='lat' dir='ltr'><strong>titulus</strong></span> <span class='ocrx_word' id='word_1_481' title='bbox 549 4077 624 4137; x_wconf 86' lang='lat' dir='ltr'><strong>text.</strong></span> <span class='ocrx_word' id='word_1_482' title='bbox 640 4074 714 4136; x_wconf 73' lang='lat' dir='ltr'><strong>cnr.</strong></span> <span class='ocrx_word' id='word_1_483' title='bbox 730 4074 751 4136; x_wconf 92' lang='lat' dir='ltr'><strong>l.</strong></span> <span class='ocrx_word' id='word_1_484' title='bbox 781 4075 895 4158; x_wconf 81' lang='lat' dir='ltr'><strong>Siquis</strong></span> <span class='ocrx_word' id='word_1_485' title='bbox 908 4077 1047 4140; x_wconf 74' lang='lat' dir='ltr'><strong>diuturno</strong></span> <span class='ocrx_word' id='word_1_486' title='bbox 1141 4083 1208 4143; x_wconf 81' lang='grc'><strong>119.</strong></span> <span class='ocrx_word' id='word_1_487' title='bbox 1232 4080 1290 4144; x_wconf 79' lang='lat' dir='ltr'><strong>lies</strong></span> <span class='ocrx_word' id='word_1_488' title='bbox 1302 4077 1418 4140; x_wconf 77' lang='lat' dir='ltr'><strong>nechites</strong></span> <span class='ocrx_word' id='word_1_489' title='bbox 1430 4087 1459 4140; x_wconf 86' lang='lat' dir='ltr'><strong>ct</strong></span> <span class='ocrx_word' id='word_1_490' title='bbox 1475 4075 1644 4152; x_wconf 78' lang='lat' dir='ltr'><strong>immobiles,</strong></span> <span class='ocrx_word' id='word_1_491' title='bbox 1658 4079 1796 4158; x_wconf 62' lang='grc'><strong>911111-</strong></span> <span class='ocrx_word' id='word_1_492' title='bbox 1809 4080 1868 4140; x_wconf 90' lang='lat' dir='ltr'><strong>No·</strong></span> 
     </span>
     <span class='ocr_line' id='line_1_43' title="bbox 285 4167 1869 4254; baseline 0.001 -24"><span class='ocrx_word' id='word_1_493' title='bbox 285 4169 318 4233; x_wconf 84' lang='lat' dir='ltr'><strong>fl.</strong></span> <span class='ocrx_word' id='word_1_494' title='bbox 343 4170 383 4233; x_wconf 87' lang='lat' dir='ltr'><strong>Si</strong></span> <span class='ocrx_word' id='word_1_495' title='bbox 402 4169 524 4232; x_wconf 75' lang='lat' dir='ltr'><strong>testeo</strong></span> <span class='ocrx_word' id='word_1_496' title='bbox 545 4167 725 4246; x_wconf 50' lang='lat' dir='ltr'><strong>vindicetis&amp;</strong></span> <span class='ocrx_word' id='word_1_497' title='bbox 748 4187 833 4250; x_wconf 80' lang='lat' dir='ltr'><strong>ergo.</strong></span> <span class='ocrx_word' id='word_1_498' title='bbox 858 4171 949 4252; x_wconf 87' lang='lat' dir='ltr'><strong>Resp.</strong></span> <span class='ocrx_word' id='word_1_499' title='bbox 972 4191 1044 4253; x_wconf 79' lang='lat' dir='ltr'><strong>neg.</strong></span> <span class='ocrx_word' id='word_1_500' title='bbox 1100 4176 1230 4238; x_wconf 85' lang='lat' dir='ltr'><strong>tendum</strong></span> <span class='ocrx_word' id='word_1_501' title='bbox 1244 4174 1424 4254; x_wconf 88' lang='lat' dir='ltr'><strong>estprimo,</strong></span> <span class='ocrx_word' id='word_1_502' title='bbox 1439 4171 1524 4251; x_wconf 88' lang='lat' dir='ltr'><strong>quod</strong></span> <span class='ocrx_word' id='word_1_503' title='bbox 1541 4173 1630 4233; x_wconf 78' lang='lat' dir='ltr'><strong>alles</strong></span> <span class='ocrx_word' id='word_1_504' title='bbox 1643 4171 1807 4235; x_wconf 84' lang='lat' dir='ltr'><strong>mobilesu</strong></span> <span class='ocrx_word' id='word_1_505' title='bbox 1824 4173 1869 4233; x_wconf 92' lang='lat' dir='ltr'><strong>di·</strong></span> 
     </span>
     <span class='ocr_line' id='line_1_44' title="bbox 285 4263 1868 4345; baseline 0 -19"><span class='ocrx_word' id='word_1_506' title='bbox 285 4265 427 4327; x_wconf 87' lang='lat' dir='ltr'><strong>anteced.</strong></span> <span class='ocrx_word' id='word_1_507' title='bbox 442 4265 530 4340; x_wconf 86' lang='lat' dir='ltr'><strong>Quia,</strong></span> <span class='ocrx_word' id='word_1_508' title='bbox 552 4271 587 4325; x_wconf 92' lang='lat' dir='ltr'><strong>ut</strong></span> <span class='ocrx_word' id='word_1_509' title='bbox 602 4267 688 4326; x_wconf 87' lang='lat' dir='ltr'><strong>notet</strong></span> <span class='ocrx_word' id='word_1_510' title='bbox 702 4263 904 4326; x_wconf 85' lang='lat' dir='ltr'><strong>Govarruvias</strong></span> <span class='ocrx_word' id='word_1_511' title='bbox 917 4266 977 4328; x_wconf 90' lang='lat' dir='ltr'><strong>loc.</strong></span> <span class='ocrx_word' id='word_1_512' title='bbox 994 4267 1043 4329; x_wconf 88' lang='lat' dir='ltr'><strong>cit.</strong></span> <span class='ocrx_word' id='word_1_513' title='bbox 1100 4272 1210 4330; x_wconf 82' lang='lat' dir='ltr'><strong>centur</strong></span> <span class='ocrx_word' id='word_1_514' title='bbox 1224 4266 1303 4341; x_wconf 81' lang='lat' dir='ltr'><strong>haec,</strong></span> <span class='ocrx_word' id='word_1_515' title='bbox 1325 4281 1396 4345; x_wconf 86' lang='lat' dir='ltr'><strong>quse</strong></span> <span class='ocrx_word' id='word_1_516' title='bbox 1418 4265 1486 4326; x_wconf 90' lang='lat' dir='ltr'><strong>loco</strong></span> <span class='ocrx_word' id='word_1_517' title='bbox 1510 4264 1627 4326; x_wconf 85' lang='lat' dir='ltr'><strong>moveri</strong></span> <span class='ocrx_word' id='word_1_518' title='bbox 1654 4271 1811 4344; x_wconf 85' lang='lat' dir='ltr'><strong>possunt:</strong></span> <span class='ocrx_word' id='word_1_519' title='bbox 1835 4271 1868 4326; x_wconf 90' lang='lat' dir='ltr'><strong>ut</strong></span> 
     </span>
     <span class='ocr_line' id='line_1_45' title="bbox 285 4355 1867 4437; baseline 0 -18"><span class='ocrx_word' id='word_1_520' title='bbox 285 4377 317 4419; x_wconf 92' lang='lat' dir='ltr'><strong>n.</strong></span> <span class='ocrx_word' id='word_1_521' title='bbox 333 4362 364 4418; x_wconf 80' lang='lat'><strong>7.</strong></span> <span class='ocrx_word' id='word_1_522' title='bbox 379 4356 464 4437; x_wconf 88' lang='lat' dir='ltr'><strong>qnod</strong></span> <span class='ocrx_word' id='word_1_523' title='bbox 477 4357 546 4437; x_wconf 90' lang='lat' dir='ltr'><strong>quis</strong></span> <span class='ocrx_word' id='word_1_524' title='bbox 563 4355 679 4418; x_wconf 88' lang='lat' dir='ltr'><strong>habeat</strong></span> <span class='ocrx_word' id='word_1_525' title='bbox 688 4356 740 4435; x_wconf 90' lang='lat' dir='ltr'><strong>jus</strong></span> <span class='ocrx_word' id='word_1_526' title='bbox 759 4355 914 4419; x_wconf 84' lang='lat' dir='ltr'><strong>servitutis</strong></span> <span class='ocrx_word' id='word_1_527' title='bbox 928 4357 961 4419; x_wconf 90' lang='lat' dir='ltr'><strong>in</strong></span> <span class='ocrx_word' id='word_1_528' title='bbox 973 4359 1047 4422; x_wconf 81' lang='lat' dir='ltr'><strong>ulie·</strong></span> <span class='ocrx_word' id='word_1_529' title='bbox 1101 4360 1203 4435; x_wconf 84' lang='lat' dir='ltr'><strong>vestis,</strong></span> <span class='ocrx_word' id='word_1_530' title='bbox 1220 4358 1377 4434; x_wconf 80' lang='lat' dir='ltr'><strong>animulis,</strong></span> <span class='ocrx_word' id='word_1_531' title='bbox 1393 4375 1499 4433; x_wconf 82' lang='lat' dir='ltr'><strong>naves,</strong></span> <span class='ocrx_word' id='word_1_532' title='bbox 1514 4361 1547 4418; x_wconf 88' lang='lat' dir='ltr'><strong>et</strong></span> <span class='ocrx_word' id='word_1_533' title='bbox 1559 4356 1684 4418; x_wconf 86' lang='lat' dir='ltr'><strong>similia.</strong></span> <span class='ocrx_word' id='word_1_534' title='bbox 1706 4358 1798 4420; x_wconf 78' lang='lat' dir='ltr'><strong>ulter</strong></span> <span class='ocrx_word' id='word_1_535' title='bbox 1811 4359 1867 4419; x_wconf 92' lang='lat' dir='ltr'><strong>im·</strong></span> 
     </span>
     <span class='ocr_line' id='line_1_46' title="bbox 284 4448 1867 4532; baseline 0.003 -22"><span class='ocrx_word' id='word_1_536' title='bbox 284 4469 326 4510; x_wconf 92' lang='lat' dir='ltr'><strong>no</strong></span> <span class='ocrx_word' id='word_1_537' title='bbox 340 4449 468 4532; x_wconf 74' lang='lat' dir='ltr'><strong>predio,</strong></span> <span class='ocrx_word' id='word_1_538' title='bbox 482 4467 547 4511; x_wconf 92' lang='lat' dir='ltr'><strong>non</strong></span> <span class='ocrx_word' id='word_1_539' title='bbox 561 4454 608 4510; x_wconf 88' lang='lat' dir='ltr'><strong>est</strong></span> <span class='ocrx_word' id='word_1_540' title='bbox 621 4448 792 4527; x_wconf 74' lang='lat' dir='ltr'><strong>contraius</strong></span> <span class='ocrx_word' id='word_1_541' title='bbox 804 4453 1048 4527; x_wconf 85' lang='lat' dir='ltr'><strong>communo,sed</strong></span> <span class='ocrx_word' id='word_1_542' title='bbox 1100 4455 1259 4518; x_wconf 70' lang='lat' dir='ltr'><strong>mobiles»</strong></span> <span class='ocrx_word' id='word_1_543' title='bbox 1277 4474 1295 4518; x_wconf 90' lang='lat' dir='ltr'><strong>e</strong></span> <span class='ocrx_word' id='word_1_544' title='bbox 1313 4457 1517 4530; x_wconf 80' lang='lat' dir='ltr'><strong>contraeunt,</strong></span> <span class='ocrx_word' id='word_1_545' title='bbox 1534 4469 1604 4532; x_wconf 80' lang='lat' dir='ltr'><strong>quae</strong></span> <span class='ocrx_word' id='word_1_546' title='bbox 1624 4453 1694 4514; x_wconf 91' lang='lat' dir='ltr'><strong>loco</strong></span> <span class='ocrx_word' id='word_1_547' title='bbox 1713 4470 1781 4514; x_wconf 90' lang='lat' dir='ltr'><strong>non</strong></span> <span class='ocrx_word' id='word_1_548' title='bbox 1802 4471 1867 4516; x_wconf 88' lang='lat' dir='ltr'><strong>mo-</strong></span> 
     </span>
     <span class='ocr_line' id='line_1_47' title="bbox 284 4540 1864 4628; baseline 0.002 -20"><span class='ocrx_word' id='word_1_549' title='bbox 284 4548 405 4608; x_wconf 75' lang='lat' dir='ltr'><strong>aarum</strong></span> <span class='ocrx_word' id='word_1_550' title='bbox 419 4540 586 4622; x_wconf 85' lang='lat' dir='ltr'><strong>quamdam</strong></span> <span class='ocrx_word' id='word_1_551' title='bbox 607 4542 880 4621; x_wconf 74' lang='lat' dir='ltr'><strong>presumptionem</strong></span> <span class='ocrx_word' id='word_1_552' title='bbox 897 4544 977 4623; x_wconf 86' lang='lat' dir='ltr'><strong>juris</strong></span> <span class='ocrx_word' id='word_1_553' title='bbox 991 4563 1048 4607; x_wconf 87' lang='lat' dir='ltr'><strong>na·</strong></span> <span class='ocrx_word' id='word_1_554' title='bbox 1101 4555 1234 4611; x_wconf 83' lang='lat' dir='ltr'><strong>ventur:</strong></span> <span class='ocrx_word' id='word_1_555' title='bbox 1260 4553 1296 4612; x_wconf 92' lang='lat' dir='ltr'><strong>ut</strong></span> <span class='ocrx_word' id='word_1_556' title='bbox 1317 4549 1460 4624; x_wconf 84' lang='lat' dir='ltr'><strong>ecclesie,</strong></span> <span class='ocrx_word' id='word_1_557' title='bbox 1485 4548 1609 4623; x_wconf 85' lang='lat' dir='ltr'><strong>domus,</strong></span> <span class='ocrx_word' id='word_1_558' title='bbox 1631 4547 1709 4628; x_wconf 78' lang='lat' dir='ltr'><strong>agri,</strong></span> <span class='ocrx_word' id='word_1_559' title='bbox 1736 4549 1864 4628; x_wconf 73' lang='lat' dir='ltr'><strong>predia,</strong></span> 
     </span>
     <span class='ocr_line' id='line_1_48' title="bbox 287 4634 1336 4722; baseline 0.006 -22"><span class='ocrx_word' id='word_1_560' title='bbox 287 4635 404 4712; x_wconf 78' lang='lat' dir='ltr'><strong>tutelis,</strong></span> <span class='ocrx_word' id='word_1_561' title='bbox 418 4634 506 4714; x_wconf 84' lang='lat' dir='ltr'><strong>juxta</strong></span> <span class='ocrx_word' id='word_1_562' title='bbox 520 4634 572 4698; x_wconf 91' lang='lat' dir='ltr'><strong>cit.</strong></span> <span class='ocrx_word' id='word_1_563' title='bbox 591 4635 614 4696; x_wconf 95' lang='lat' dir='ltr'><strong>l.</strong></span> <span class='ocrx_word' id='word_1_564' title='bbox 634 4635 746 4698; x_wconf 81' lang='lat' dir='ltr'><strong>Attius.</strong></span> <span class='ocrx_word' id='word_1_565' title='bbox 762 4636 915 4698; x_wconf 83' lang='lat' dir='ltr'><strong>Gaeterum</strong></span> <span class='ocrx_word' id='word_1_566' title='bbox 929 4637 1048 4716; x_wconf 86' lang='lat' dir='ltr'><strong>(subdit</strong></span> <span class='ocrx_word' id='word_1_567' title='bbox 1101 4647 1134 4706; x_wconf 88' lang='lat' dir='ltr'><strong>et</strong></span> <span class='ocrx_word' id='word_1_568' title='bbox 1146 4642 1336 4722; x_wconf 87' lang='lat' dir='ltr'><strong>hujusmodi.</strong></span> 
     </span>
     <span class='ocr_line' id='line_1_49' title="bbox 286 4729 1867 4814; baseline 0.004 -22"><span class='ocrx_word' id='word_1_569' title='bbox 286 4731 370 4793; x_wconf 89' lang='lat' dir='ltr'><strong>idem</strong></span> <span class='ocrx_word' id='word_1_570' title='bbox 384 4729 503 4808; x_wconf 80' lang='lat' dir='ltr'><strong>auctor)</strong></span> <span class='ocrx_word' id='word_1_571' title='bbox 516 4731 616 4791; x_wconf 85' lang='lat' dir='ltr'><strong>textus</strong></span> <span class='ocrx_word' id='word_1_572' title='bbox 630 4729 663 4790; x_wconf 91' lang='lat' dir='ltr'><strong>in</strong></span> <span class='ocrx_word' id='word_1_573' title='bbox 677 4747 744 4809; x_wconf 83' lang='lat' dir='ltr'><strong>cop.</strong></span> <span class='ocrx_word' id='word_1_574' title='bbox 760 4746 784 4791; x_wconf 90' lang='lat'><strong>1.</strong></span> <span class='ocrx_word' id='word_1_575' title='bbox 800 4731 832 4792; x_wconf 93' lang='lat' dir='ltr'><strong>h.</strong></span> <span class='ocrx_word' id='word_1_576' title='bbox 849 4736 872 4792; x_wconf 88' lang='lat' dir='ltr'><strong>t.</strong></span> <span class='ocrx_word' id='word_1_577' title='bbox 886 4733 919 4793; x_wconf 91' lang='lat' dir='ltr'><strong>in</strong></span> <span class='ocrx_word' id='word_1_578' title='bbox 933 4737 963 4796; x_wconf 90' lang='grc'><strong>6.</strong></span> <span class='ocrx_word' id='word_1_579' title='bbox 979 4753 1048 4814; x_wconf 89' lang='lat' dir='ltr'><strong>pro·</strong></span> <span class='ocrx_word' id='word_1_580' title='bbox 1142 4739 1211 4800; x_wconf 82' lang='lat' dir='ltr'><strong>lec.</strong></span> <span class='ocrx_word' id='word_1_581' title='bbox 1233 4735 1358 4800; x_wconf 72' lang='lat' dir='ltr'><strong>Nomine</strong></span> <span class='ocrx_word' id='word_1_582' title='bbox 1371 4734 1561 4801; x_wconf 74' lang='lat' dir='ltr'><strong>imrmditium</strong></span> <span class='ocrx_word' id='word_1_583' title='bbox 1574 4735 1661 4797; x_wconf 81' lang='lat' dir='ltr'><strong>etiam</strong></span> <span class='ocrx_word' id='word_1_584' title='bbox 1682 4733 1805 4796; x_wconf 79' lang='lat' dir='ltr'><strong>ueniunt</strong></span> <span class='ocrx_word' id='word_1_585' title='bbox 1826 4735 1867 4798; x_wconf 74' lang='lat' dir='ltr'><strong>tc</strong></span> 
     </span>
     <span class='ocr_line' id='line_1_50' title="bbox 288 4821 1865 4911; baseline 0.003 -24"><span class='ocrx_word' id='word_1_586' title='bbox 288 4824 381 4899; x_wconf 88' lang='lat' dir='ltr'><strong>cedit,</strong></span> <span class='ocrx_word' id='word_1_587' title='bbox 396 4821 521 4904; x_wconf 88' lang='lat' dir='ltr'><strong>quando</strong></span> <span class='ocrx_word' id='word_1_588' title='bbox 539 4821 591 4900; x_wconf 88' lang='lat' dir='ltr'><strong>jus</strong></span> <span class='ocrx_word' id='word_1_589' title='bbox 612 4839 778 4885; x_wconf 90' lang='lat' dir='ltr'><strong>commune</strong></span> <span class='ocrx_word' id='word_1_590' title='bbox 800 4823 921 4888; x_wconf 87' lang='lat' dir='ltr'><strong>fortiter</strong></span> <span class='ocrx_word' id='word_1_591' title='bbox 933 4829 1048 4892; x_wconf 86' lang='lat' dir='ltr'><strong>resistit</strong></span> <span class='ocrx_word' id='word_1_592' title='bbox 1100 4828 1344 4911; x_wconf 59' lang='lat' dir='ltr'><strong>respicecerem,</strong></span> <span class='ocrx_word' id='word_1_593' title='bbox 1365 4828 1509 4907; x_wconf 83' lang='lat' dir='ltr'><strong>redditus,</strong></span> <span class='ocrx_word' id='word_1_594' title='bbox 1524 4827 1579 4910; x_wconf 83' lang='lat' dir='ltr'><strong>jos</strong></span> <span class='ocrx_word' id='word_1_595' title='bbox 1598 4837 1784 4910; x_wconf 76' lang='lat' dir='ltr'><strong>potronatus,</strong></span> <span class='ocrx_word' id='word_1_596' title='bbox 1800 4839 1865 4902; x_wconf 80' lang='lat' dir='ltr'><strong>etc,</strong></span> 
     </span>
     <span class='ocr_line' id='line_1_51' title="bbox 287 4912 1865 5003; baseline 0.003 -26"><span class='ocrx_word' id='word_1_597' title='bbox 287 4912 527 4996; x_wconf 69' lang='lat' dir='ltr'><strong>proscribendi,</strong></span> <span class='ocrx_word' id='word_1_598' title='bbox 561 4912 756 4976; x_wconf 83' lang='lat' dir='ltr'><strong>attribuendo</strong></span> <span class='ocrx_word' id='word_1_599' title='bbox 784 4914 925 4981; x_wconf 88' lang='lat' dir='ltr'><strong>videlicet</strong></span> <span class='ocrx_word' id='word_1_600' title='bbox 959 4920 1047 4982; x_wconf 88' lang='lat' dir='ltr'><strong>alteri</strong></span> <span class='ocrx_word' id='word_1_601' title='bbox 1101 4922 1259 5003; x_wconf 81' lang='lat' dir='ltr'><strong>ocjcrcet</strong></span> <span class='ocrx_word' id='word_1_602' title='bbox 1272 4922 1395 4984; x_wconf 73' lang='lat' dir='ltr'><strong>octeno</strong></span> <span class='ocrx_word' id='word_1_603' title='bbox 1409 4921 1450 4984; x_wconf 84' lang='lat' dir='ltr'><strong>cd</strong></span> <span class='ocrx_word' id='word_1_604' title='bbox 1462 4921 1631 4984; x_wconf 73' lang='lat' dir='ltr'><strong>impertitio.</strong></span> <span class='ocrx_word' id='word_1_605' title='bbox 1646 4951 1686 4966; x_wconf 94' lang='lat'>-</span> <span class='ocrx_word' id='word_1_606' title='bbox 1700 4921 1798 4983; x_wconf 88' lang='lat' dir='ltr'><strong>Porro</strong></span> <span class='ocrx_word' id='word_1_607' title='bbox 1812 4940 1865 4982; x_wconf 92' lang='lat' dir='ltr'><strong>no·</strong></span> 
     </span>
     <span class='ocr_line' id='line_1_52' title="bbox 287 5003 1867 5088; baseline 0.003 -17"><span class='ocrx_word' id='word_1_608' title='bbox 287 5009 382 5072; x_wconf 82' lang='lat' dir='ltr'><strong>telem</strong></span> <span class='ocrx_word' id='word_1_609' title='bbox 394 5024 474 5084; x_wconf 90' lang='lat' dir='ltr'><strong>rem,</strong></span> <span class='ocrx_word' id='word_1_610' title='bbox 490 5008 582 5084; x_wconf 87' lang='lat' dir='ltr'><strong>prout</strong></span> <span class='ocrx_word' id='word_1_611' title='bbox 596 5003 736 5080; x_wconf 81' lang='lat' dir='ltr'><strong>deoimae,</strong></span> <span class='ocrx_word' id='word_1_612' title='bbox 752 5007 792 5068; x_wconf 94' lang='lat' dir='ltr'><strong>de</strong></span> <span class='ocrx_word' id='word_1_613' title='bbox 806 5009 919 5088; x_wconf 89' lang='lat' dir='ltr'><strong>quibus</strong></span> <span class='ocrx_word' id='word_1_614' title='bbox 933 5011 1048 5076; x_wconf 91' lang='lat' dir='ltr'><strong>ibidem</strong></span> <span class='ocrx_word' id='word_1_615' title='bbox 1101 5016 1185 5078; x_wconf 86' lang='lat' dir='ltr'><strong>mine</strong></span> <span class='ocrx_word' id='word_1_616' title='bbox 1203 5037 1219 5074; x_wconf 82' lang='lat' dir='ltr'><strong>r</strong></span> <span class='ocrx_word' id='word_1_617' title='bbox 1241 5015 1446 5076; x_wconf 88' lang='lat' dir='ltr'><strong>immobilium</strong></span> <span class='ocrx_word' id='word_1_618' title='bbox 1465 5037 1479 5074; x_wconf 83' lang='lat' dir='ltr'><strong>u</strong></span> <span class='ocrx_word' id='word_1_619' title='bbox 1498 5015 1590 5076; x_wconf 89' lang='lat' dir='ltr'><strong>etiam</strong></span> <span class='ocrx_word' id='word_1_620' title='bbox 1609 5013 1741 5075; x_wconf 85' lang='lat' dir='ltr'><strong>veniunt</strong></span> <span class='ocrx_word' id='word_1_621' title='bbox 1755 5013 1867 5078; x_wconf 75' lang='lat' dir='ltr'><strong>heneti</strong></span> 
     </span>
     <span class='ocr_line' id='line_1_53' title="bbox 287 5095 1867 5188; baseline 0.005 -26"><span class='ocrx_word' id='word_1_622' title='bbox 287 5105 334 5163; x_wconf 88' lang='lat' dir='ltr'><strong>est</strong></span> <span class='ocrx_word' id='word_1_623' title='bbox 347 5117 461 5174; x_wconf 89' lang='lat' dir='ltr'><strong>sermo,</strong></span> <span class='ocrx_word' id='word_1_624' title='bbox 484 5095 696 5160; x_wconf 89' lang='lat' dir='ltr'><strong>attribuuntur</strong></span> <span class='ocrx_word' id='word_1_625' title='bbox 709 5101 857 5178; x_wconf 77' lang='lat' dir='ltr'><strong>parocho.</strong></span> <span class='ocrx_word' id='word_1_626' title='bbox 877 5104 1049 5170; x_wconf 83' lang='lat' dir='ltr'><strong>Concordet</strong></span> <span class='ocrx_word' id='word_1_627' title='bbox 1102 5107 1867 5188; x_wconf 74' lang='lat' dir='ltr'><strong>cic,oensue,rodditue,juspatronatus,ususfruc-</strong></span> 
     </span>
     <span class='ocr_line' id='line_1_54' title="bbox 289 5191 1867 5281; baseline 0.005 -25"><span class='ocrx_word' id='word_1_628' title='bbox 289 5193 429 5258; x_wconf 77' lang='lat' dir='ltr'><strong>Abbaso.</strong></span> <span class='ocrx_word' id='word_1_629' title='bbox 442 5193 481 5257; x_wconf 89' lang='lat' dir='ltr'><strong>Si</strong></span> <span class='ocrx_word' id='word_1_630' title='bbox 490 5191 665 5274; x_wconf 79' lang='lat' dir='ltr'><strong>diliqeotin.</strong></span> <span class='ocrx_word' id='word_1_631' title='bbox 683 5195 732 5256; x_wconf 71' lang='lat'><strong>20.</strong></span> <span class='ocrx_word' id='word_1_632' title='bbox 749 5193 780 5256; x_wconf 90' lang='lat' dir='ltr'><strong>b.</strong></span> <span class='ocrx_word' id='word_1_633' title='bbox 795 5202 817 5258; x_wconf 88' lang='lat' dir='ltr'><strong>t.</strong></span> <span class='ocrx_word' id='word_1_634' title='bbox 834 5197 887 5260; x_wconf 92' lang='lat' dir='ltr'><strong>ubi</strong></span> <span class='ocrx_word' id='word_1_635' title='bbox 900 5200 954 5278; x_wconf 83' lang='lat' dir='ltr'><strong>eit,</strong></span> <span class='ocrx_word' id='word_1_636' title='bbox 966 5201 1049 5280; x_wconf 90' lang='lat' dir='ltr'><strong>quod</strong></span> <span class='ocrx_word' id='word_1_637' title='bbox 1103 5206 1164 5281; x_wconf 87' lang='lat' dir='ltr'><strong>tus,</strong></span> <span class='ocrx_word' id='word_1_638' title='bbox 1181 5208 1212 5265; x_wconf 90' lang='lat' dir='ltr'><strong>et</strong></span> <span class='ocrx_word' id='word_1_639' title='bbox 1225 5203 1402 5266; x_wconf 80' lang='lat' dir='ltr'><strong>servitutes.</strong></span> <span class='ocrx_word' id='word_1_640' title='bbox 1418 5203 1492 5264; x_wconf 77' lang='lat' dir='ltr'><strong>Hsc</strong></span> <span class='ocrx_word' id='word_1_641' title='bbox 1511 5202 1595 5264; x_wconf 87' lang='lat' dir='ltr'><strong>enim</strong></span> <span class='ocrx_word' id='word_1_642' title='bbox 1611 5201 1714 5264; x_wconf 82' lang='lat' dir='ltr'><strong>omniu</strong></span> <span class='ocrx_word' id='word_1_643' title='bbox 1728 5200 1795 5264; x_wconf 79' lang='lat' dir='ltr'><strong>fixa</strong></span> <span class='ocrx_word' id='word_1_644' title='bbox 1806 5221 1867 5264; x_wconf 84' lang='lat' dir='ltr'><strong>ma·</strong></span> 
     </span>
     <span class='ocr_line' id='line_1_55' title="bbox 288 5285 1863 5374; baseline 0.008 -28"><span class='ocrx_word' id='word_1_645' title='bbox 288 5285 341 5348; x_wconf 89' lang='lat' dir='ltr'><strong>cit.</strong></span> <span class='ocrx_word' id='word_1_646' title='bbox 357 5305 426 5366; x_wconf 87' lang='lat' dir='ltr'><strong>cap.</strong></span> <span class='ocrx_word' id='word_1_647' title='bbox 449 5304 471 5348; x_wconf 88' lang='lat' dir='ltr'><strong>r.</strong></span> <span class='ocrx_word' id='word_1_648' title='bbox 488 5286 557 5348; x_wconf 90' lang='lat' dir='ltr'><strong>eod.</strong></span> <span class='ocrx_word' id='word_1_649' title='bbox 574 5285 612 5346; x_wconf 92' lang='lat' dir='ltr'><strong>in·</strong></span> <span class='ocrx_word' id='word_1_650' title='bbox 627 5287 656 5347; x_wconf 87' lang='grc'><strong>6.</strong></span> <span class='ocrx_word' id='word_1_651' title='bbox 673 5287 822 5366; x_wconf 84' lang='lat' dir='ltr'><strong>procedet</strong></span> <span class='ocrx_word' id='word_1_652' title='bbox 835 5290 866 5351; x_wconf 92' lang='lat' dir='ltr'><strong>iu</strong></span> <span class='ocrx_word' id='word_1_653' title='bbox 879 5309 1049 5373; x_wconf 75' lang='lat' dir='ltr'><strong>presump-</strong></span> <span class='ocrx_word' id='word_1_654' title='bbox 1102 5299 1188 5370; x_wconf 90' lang='lat' dir='ltr'><strong>nent,</strong></span> <span class='ocrx_word' id='word_1_655' title='bbox 1201 5302 1233 5358; x_wconf 90' lang='lat' dir='ltr'><strong>et</strong></span> <span class='ocrx_word' id='word_1_656' title='bbox 1244 5296 1342 5359; x_wconf 89' lang='lat' dir='ltr'><strong>instar</strong></span> <span class='ocrx_word' id='word_1_657' title='bbox 1355 5295 1561 5358; x_wconf 88' lang='lat' dir='ltr'><strong>immobilium</strong></span> <span class='ocrx_word' id='word_1_658' title='bbox 1571 5294 1706 5358; x_wconf 81' lang='lat' dir='ltr'><strong>afferunt</strong></span> <span class='ocrx_word' id='word_1_659' title='bbox 1720 5294 1863 5374; x_wconf 84' lang='lat' dir='ltr'><strong>fructum,</strong></span> 
     </span>
     <span class='ocr_line' id='line_1_56' title="bbox 288 5377 1866 5468; baseline 0.01 -31"><span class='ocrx_word' id='word_1_660' title='bbox 288 5377 373 5446; x_wconf 85' lang='lat' dir='ltr'><strong>tione</strong></span> <span class='ocrx_word' id='word_1_661' title='bbox 397 5377 530 5460; x_wconf 79' lang='lat' dir='ltr'><strong>urgenti,</strong></span> <span class='ocrx_word' id='word_1_662' title='bbox 554 5399 617 5442; x_wconf 91' lang='lat' dir='ltr'><strong>non</strong></span> <span class='ocrx_word' id='word_1_663' title='bbox 637 5387 742 5444; x_wconf 84' lang='lat' dir='ltr'><strong>cutem</strong></span> <span class='ocrx_word' id='word_1_664' title='bbox 760 5383 794 5444; x_wconf 92' lang='lat' dir='ltr'><strong>in</strong></span> <span class='ocrx_word' id='word_1_665' title='bbox 811 5387 950 5466; x_wconf 86' lang='lat' dir='ltr'><strong>qualibet</strong></span> <span class='ocrx_word' id='word_1_666' title='bbox 971 5405 1050 5468; x_wconf 76' lang='lat' dir='ltr'><strong>pre-</strong></span> <span class='ocrx_word' id='word_1_667' title='bbox 1103 5397 1134 5452; x_wconf 90' lang='lat' dir='ltr'><strong>et</strong></span> <span class='ocrx_word' id='word_1_668' title='bbox 1154 5390 1407 5454; x_wconf 75' lang='lat' dir='ltr'><strong>commoditatem</strong></span> <span class='ocrx_word' id='word_1_669' title='bbox 1426 5407 1540 5452; x_wconf 84' lang='lat' dir='ltr'><strong>suem:</strong></span> <span class='ocrx_word' id='word_1_670' title='bbox 1563 5389 1607 5452; x_wconf 94' lang='lat' dir='ltr'><strong>uti</strong></span> <span class='ocrx_word' id='word_1_671' title='bbox 1630 5396 1866 5468; x_wconf 79' lang='lat' dir='ltr'><strong>argumentatur</strong></span> 
     </span>
    </p>
   </div>
   <div class='ocr_carea' id='block_1_3' title="bbox 0 0 2027 6068">
    <p class='ocr_par' dir='ltr' id='par_1_3' title="bbox 0 0 2027 6068">
     <span class='ocr_line' id='line_1_57' title="bbox 0 0 2027 6068; baseline 0 0"><span class='ocrx_word' id='word_1_672' title='bbox 0 0 2027 6068; x_wconf 95' lang='lat' dir='ltr'><strong> </strong></span> 
     </span>
    </p>
   </div>
  </div>
 </body>
</html>
