<?xml version="1.0" encoding="UTF-8"?>
<!DOCTYPE html PUBLIC "-//W3C//DTD XHTML 1.0 Transitional//EN"
    "http://www.w3.org/TR/xhtml1/DTD/xhtml1-transitional.dtd">
<html xmlns="http://www.w3.org/1999/xhtml" xml:lang="en" lang="en">
 <head>
  <title>
</title>
<meta http-equiv="Content-Type" content="text/html;charset=utf-8" />
  <meta name='ocr-system' content='tesseract 3.04.00' />
  <meta name='ocr-capabilities' content='ocr_page ocr_carea ocr_par ocr_line ocrx_word'/>
</head>
<body>
  <div class='ocr_page' id='page_1' title='image "./juscanonicumuni00pellgoog_0012.png"; bbox 0 0 4080 6064; ppageno 0'>
   <div class='ocr_carea' id='block_1_1' title="bbox 885 284 1794 353">
    <p class='ocr_par' dir='ltr' id='par_1_1' title="bbox 885 284 1794 353">
     <span class='ocr_line' id='line_1_1' title="bbox 885 284 1794 353; baseline 0.007 -6"><span class='ocrx_word' id='word_1_1' title='bbox 885 284 1127 351; x_wconf 69' lang='lat' dir='ltr'>occubuere.</span> <span class='ocrx_word' id='word_1_2' title='bbox 1742 289 1794 353; x_wconf 84' lang='lat' dir='ltr'>Vll</span> 
     </span>
    </p>
   </div>
   <div class='ocr_carea' id='block_1_2' title="bbox 204 421 1796 2172">
    <p class='ocr_par' dir='ltr' id='par_1_2' title="bbox 204 421 1796 2172">
     <span class='ocr_line' id='line_1_2' title="bbox 265 421 1792 521; baseline -0.003 -19"><span class='ocrx_word' id='word_1_3' title='bbox 265 426 425 502; x_wconf 75' lang='lat' dir='ltr'>Csusunn</span> <span class='ocrx_word' id='word_1_4' title='bbox 442 441 651 500; x_wconf 76' lang='lat' dir='ltr'>rssonoolct</span> <span class='ocrx_word' id='word_1_5' title='bbox 669 441 833 498; x_wconf 69' lang='lat' dir='ltr'>secusne.</span> <span class='ocrx_word' id='word_1_6' title='bbox 852 466 898 478; x_wconf 93' lang='lat'><em>-</em></span> <span class='ocrx_word' id='word_1_7' title='bbox 925 422 1013 496; x_wconf 86' lang='lat' dir='ltr'>duris</span> <span class='ocrx_word' id='word_1_8' title='bbox 1038 422 1190 497; x_wconf 91' lang='lat' dir='ltr'>canonici</span> <span class='ocrx_word' id='word_1_9' title='bbox 1213 428 1342 497; x_wconf 91' lang='lat' dir='ltr'>tomum</span> <span class='ocrx_word' id='word_1_10' title='bbox 1370 421 1513 521; x_wconf 92' lang='lat' dir='ltr'>primum</span> <span class='ocrx_word' id='word_1_11' title='bbox 1540 429 1574 497; x_wconf 84' lang='lat' dir='ltr'>et</span> <span class='ocrx_word' id='word_1_12' title='bbox 1602 425 1792 499; x_wconf 90' lang='lat' dir='ltr'>secundum</span> 
     </span>
     <span class='ocr_line' id='line_1_3' title="bbox 212 547 1794 647; baseline -0.001 -21"><span class='ocrx_word' id='word_1_13' title='bbox 212 554 293 627; x_wconf 86' lang='lat' dir='ltr'>llev.</span> <span class='ocrx_word' id='word_1_14' title='bbox 311 553 348 626; x_wconf 88' lang='lat' dir='ltr'>P.</span> <span class='ocrx_word' id='word_1_15' title='bbox 366 550 515 625; x_wconf 79' lang='lat' dir='ltr'>bnacleti</span> <span class='ocrx_word' id='word_1_16' title='bbox 534 548 758 638; x_wconf 81' lang='lat' dir='ltr'>lleillenstuel,</span> <span class='ocrx_word' id='word_1_17' title='bbox 776 548 853 622; x_wconf 84' lang='lat' dir='ltr'>Ord.</span> <span class='ocrx_word' id='word_1_18' title='bbox 869 549 903 625; x_wconf 86' lang='lat' dir='ltr'>S.</span> <span class='ocrx_word' id='word_1_19' title='bbox 919 548 1088 622; x_wconf 80' lang='lat' dir='ltr'>Francisci</span> <span class='ocrx_word' id='word_1_20' title='bbox 1108 547 1241 622; x_wconf 79' lang='lat' dir='ltr'>reform.</span> <span class='ocrx_word' id='word_1_21' title='bbox 1258 548 1391 623; x_wconf 88' lang='lat' dir='ltr'>lectoris</span> <span class='ocrx_word' id='word_1_22' title='bbox 1406 547 1549 644; x_wconf 88' lang='lat' dir='ltr'>jubilati,</span> <span class='ocrx_word' id='word_1_23' title='bbox 1568 551 1720 647; x_wconf 85' lang='lat' dir='ltr'>sequitur</span> <span class='ocrx_word' id='word_1_24' title='bbox 1738 549 1794 626; x_wconf 93' lang='lat' dir='ltr'>hic</span> 
     </span>
     <span class='ocr_line' id='line_1_4' title="bbox 211 674 1796 774; baseline -0.002 -22"><span class='ocrx_word' id='word_1_25' title='bbox 211 679 331 752; x_wconf 90' lang='lat' dir='ltr'>tertius</span> <span class='ocrx_word' id='word_1_26' title='bbox 349 686 479 766; x_wconf 89' lang='lat' dir='ltr'>tomua;</span> <span class='ocrx_word' id='word_1_27' title='bbox 502 677 571 773; x_wconf 91' lang='lat' dir='ltr'>qui,</span> <span class='ocrx_word' id='word_1_28' title='bbox 589 675 665 771; x_wconf 86' lang='lat' dir='ltr'>quia</span> <span class='ocrx_word' id='word_1_29' title='bbox 685 676 834 766; x_wconf 90' lang='lat' dir='ltr'>continet</span> <span class='ocrx_word' id='word_1_30' title='bbox 847 677 882 748; x_wconf 92' lang='lat' dir='ltr'>in</span> <span class='ocrx_word' id='word_1_31' title='bbox 899 699 935 750; x_wconf 89' lang='lat' dir='ltr'>se</span> <span class='ocrx_word' id='word_1_32' title='bbox 955 675 1111 748; x_wconf 88' lang='lat' dir='ltr'>materias</span> <span class='ocrx_word' id='word_1_33' title='bbox 1130 674 1355 750; x_wconf 89' lang='lat' dir='ltr'>nobilissimas</span> <span class='ocrx_word' id='word_1_34' title='bbox 1371 683 1495 750; x_wconf 84' lang='lat' dir='ltr'>statum</span> <span class='ocrx_word' id='word_1_35' title='bbox 1516 675 1679 774; x_wconf 74' lang='lat' dir='ltr'>precipue</span> <span class='ocrx_word' id='word_1_36' title='bbox 1699 675 1796 750; x_wconf 90' lang='lat' dir='ltr'>cleri-</span> 
     </span>
     <span class='ocr_line' id='line_1_5' title="bbox 209 800 1792 901; baseline -0.004 -21"><span class='ocrx_word' id='word_1_37' title='bbox 209 829 329 880; x_wconf 89' lang='lat' dir='ltr'>comm</span> <span class='ocrx_word' id='word_1_38' title='bbox 348 811 423 880; x_wconf 90' lang='lat' dir='ltr'>tum</span> <span class='ocrx_word' id='word_1_39' title='bbox 442 803 666 892; x_wconf 78' lang='lat' dir='ltr'>secularium,</span> <span class='ocrx_word' id='word_1_40' title='bbox 684 811 757 877; x_wconf 90' lang='lat' dir='ltr'>tum</span> <span class='ocrx_word' id='word_1_41' title='bbox 777 803 978 901; x_wconf 77' lang='lat' dir='ltr'><strong>regularium</strong></span> <span class='ocrx_word' id='word_1_42' title='bbox 1005 808 1254 892; x_wconf 75' lang='lat' dir='ltr'>concernentes,</span> <span class='ocrx_word' id='word_1_43' title='bbox 1279 802 1320 877; x_wconf 89' lang='lat' dir='ltr'>de</span> <span class='ocrx_word' id='word_1_44' title='bbox 1338 825 1455 877; x_wconf 88' lang='lat' dir='ltr'>eorum</span> <span class='ocrx_word' id='word_1_45' title='bbox 1479 800 1662 892; x_wconf 84' lang='lat' dir='ltr'>beneficiis,</span> <span class='ocrx_word' id='word_1_46' title='bbox 1688 801 1792 876; x_wconf 83' lang='lat' dir='ltr'>eccle</span> 
     </span>
     <span class='ocr_line' id='line_1_6' title="bbox 209 926 1793 1026; baseline -0.003 -22"><span class='ocrx_word' id='word_1_47' title='bbox 209 931 280 1019; x_wconf 90' lang='lat' dir='ltr'>siis,</span> <span class='ocrx_word' id='word_1_48' title='bbox 303 929 541 1019; x_wconf 86' lang='lat' dir='ltr'>contractibus,</span> <span class='ocrx_word' id='word_1_49' title='bbox 562 929 704 1026; x_wconf 85' lang='lat' dir='ltr'>peculio,</span> <span class='ocrx_word' id='word_1_50' title='bbox 723 929 945 1021; x_wconf 85' lang='lat' dir='ltr'>testamentis,</span> <span class='ocrx_word' id='word_1_51' title='bbox 966 951 1007 1002; x_wconf 88' lang='lat' dir='ltr'>ao</span> <span class='ocrx_word' id='word_1_52' title='bbox 1025 929 1165 1002; x_wconf 88' lang='lat' dir='ltr'>decimis</span> <span class='ocrx_word' id='word_1_53' title='bbox 1183 935 1245 1002; x_wconf 90' lang='lat' dir='ltr'>etc.</span> <span class='ocrx_word' id='word_1_54' title='bbox 1265 936 1298 1003; x_wconf 90' lang='lat' dir='ltr'>et</span> <span class='ocrx_word' id='word_1_55' title='bbox 1317 938 1479 1026; x_wconf 87' lang='lat' dir='ltr'>quantum</span> <span class='ocrx_word' id='word_1_56' title='bbox 1499 928 1541 1001; x_wconf 86' lang='lat' dir='ltr'>ad</span> <span class='ocrx_word' id='word_1_57' title='bbox 1560 926 1696 1026; x_wconf 81' lang='lat' dir='ltr'><strong>stylum,</strong></span> <span class='ocrx_word' id='word_1_58' title='bbox 1722 951 1793 1000; x_wconf 89' lang='lat' dir='ltr'>me·</span> 
     </span>
     <span class='ocr_line' id='line_1_7' title="bbox 207 1053 1792 1155; baseline 0 -27"><span class='ocrx_word' id='word_1_59' title='bbox 207 1055 366 1145; x_wconf 85' lang='lat' dir='ltr'>thodum,</span> <span class='ocrx_word' id='word_1_60' title='bbox 381 1056 540 1130; x_wconf 73' lang='lat' dir='ltr'>doctrine</span> <span class='ocrx_word' id='word_1_61' title='bbox 559 1057 828 1155; x_wconf 83' lang='lat' dir='ltr'>perspicuitatem</span> <span class='ocrx_word' id='word_1_62' title='bbox 847 1055 1130 1152; x_wconf 76' lang='lat' dir='ltr'>soliditatemque,</span> <span class='ocrx_word' id='word_1_63' title='bbox 1149 1079 1168 1128; x_wconf 92' lang='lat' dir='ltr'>a</span> <span class='ocrx_word' id='word_1_64' title='bbox 1187 1054 1356 1154; x_wconf 88' lang='lat' dir='ltr'>prioribus</span> <span class='ocrx_word' id='word_1_65' title='bbox 1373 1057 1408 1128; x_wconf 94' lang='lat' dir='ltr'>in</span> <span class='ocrx_word' id='word_1_66' title='bbox 1425 1054 1517 1129; x_wconf 92' lang='lat' dir='ltr'>nullo</span> <span class='ocrx_word' id='word_1_67' title='bbox 1532 1054 1719 1152; x_wconf 80' lang='lat' dir='ltr'>degenerat,</span> <span class='ocrx_word' id='word_1_68' title='bbox 1735 1053 1792 1128; x_wconf 91' lang='lat' dir='ltr'>sed</span> 
     </span>
     <span class='ocr_line' id='line_1_8' title="bbox 208 1179 1793 1280; baseline -0.002 -25"><span class='ocrx_word' id='word_1_69' title='bbox 208 1182 276 1255; x_wconf 90' lang='lat' dir='ltr'>illis</span> <span class='ocrx_word' id='word_1_70' title='bbox 295 1181 490 1256; x_wconf 89' lang='lat' dir='ltr'>simillimus</span> <span class='ocrx_word' id='word_1_71' title='bbox 508 1189 613 1271; x_wconf 79' lang='lat' dir='ltr'>extat,</span> <span class='ocrx_word' id='word_1_72' title='bbox 633 1189 732 1279; x_wconf 92' lang='lat' dir='ltr'>atque</span> <span class='ocrx_word' id='word_1_73' title='bbox 750 1183 888 1280; x_wconf 87' lang='lat' dir='ltr'>insuper</span> <span class='ocrx_word' id='word_1_74' title='bbox 913 1180 1104 1256; x_wconf 75' lang='lat' dir='ltr'>onhodoxae</span> <span class='ocrx_word' id='word_1_75' title='bbox 1129 1181 1218 1270; x_wconf 84' lang='lat' dir='ltr'>fidei,</span> <span class='ocrx_word' id='word_1_76' title='bbox 1247 1181 1344 1256; x_wconf 89' lang='lat' dir='ltr'>bonis</span> <span class='ocrx_word' id='word_1_77' title='bbox 1372 1181 1534 1274; x_wconf 87' lang='lat' dir='ltr'>moribus,</span> <span class='ocrx_word' id='word_1_78' title='bbox 1563 1179 1668 1256; x_wconf 88' lang='lat' dir='ltr'>sacris</span> <span class='ocrx_word' id='word_1_79' title='bbox 1692 1203 1793 1254; x_wconf 89' lang='lat' dir='ltr'>cano·</span> 
     </span>
     <span class='ocr_line' id='line_1_9' title="bbox 208 1307 1793 1401; baseline 0.001 -22"><span class='ocrx_word' id='word_1_80' title='bbox 208 1308 321 1399; x_wconf 90' lang='lat' dir='ltr'>nibus,</span> <span class='ocrx_word' id='word_1_81' title='bbox 340 1309 560 1382; x_wconf 77' lang='lat' dir='ltr'>oecumenicis</span> <span class='ocrx_word' id='word_1_82' title='bbox 585 1308 748 1401; x_wconf 88' lang='lat' dir='ltr'>conciliis,</span> <span class='ocrx_word' id='word_1_83' title='bbox 775 1331 984 1382; x_wconf 88' lang='lat' dir='ltr'>summorum</span> <span class='ocrx_word' id='word_1_84' title='bbox 1008 1307 1210 1382; x_wconf 82' lang='lat' dir='ltr'>Pontificum</span> <span class='ocrx_word' id='word_1_85' title='bbox 1235 1309 1542 1398; x_wconf 79' lang='lat' dir='ltr'>constitutionibus,</span> <span class='ocrx_word' id='word_1_86' title='bbox 1564 1333 1603 1384; x_wconf 91' lang='lat' dir='ltr'>ac</span> <span class='ocrx_word' id='word_1_87' title='bbox 1623 1331 1793 1382; x_wconf 89' lang='lat' dir='ltr'>sacrarum</span> 
     </span>
     <span class='ocr_line' id='line_1_10' title="bbox 206 1432 1793 1533; baseline 0.001 -27"><span class='ocrx_word' id='word_1_88' title='bbox 206 1433 517 1532; x_wconf 79' lang='lat' dir='ltr'>congregationum</span> <span class='ocrx_word' id='word_1_89' title='bbox 537 1435 682 1508; x_wconf 85' lang='lat' dir='ltr'>decretis</span> <span class='ocrx_word' id='word_1_90' title='bbox 700 1441 735 1508; x_wconf 86' lang='lat' dir='ltr'>et</span> <span class='ocrx_word' id='word_1_91' title='bbox 763 1433 1043 1509; x_wconf 78' lang='lat' dir='ltr'>decimationibus</span> <span class='ocrx_word' id='word_1_92' title='bbox 1062 1459 1122 1533; x_wconf 89' lang='lat' dir='ltr'>per</span> <span class='ocrx_word' id='word_1_93' title='bbox 1147 1432 1258 1508; x_wconf 90' lang='lat' dir='ltr'>omnia</span> <span class='ocrx_word' id='word_1_94' title='bbox 1278 1443 1452 1527; x_wconf 87' lang='lat' dir='ltr'>consonat,</span> <span class='ocrx_word' id='word_1_95' title='bbox 1480 1459 1544 1510; x_wconf 87' lang='lat' dir='ltr'>neo</span> <span class='ocrx_word' id='word_1_96' title='bbox 1574 1435 1793 1508; x_wconf 89' lang='lat' dir='ltr'>conscientias</span> 
     </span>
     <span class='ocr_line' id='line_1_11' title="bbox 205 1560 1792 1657; baseline 0.001 -25"><span class='ocrx_word' id='word_1_97' title='bbox 205 1560 260 1632; x_wconf 86' lang='lat' dir='ltr'>vel</span> <span class='ocrx_word' id='word_1_98' title='bbox 276 1561 460 1635; x_wconf 88' lang='lat' dir='ltr'>sententias</span> <span class='ocrx_word' id='word_1_99' title='bbox 479 1561 579 1650; x_wconf 85' lang='lat' dir='ltr'>laxat,</span> <span class='ocrx_word' id='word_1_100' title='bbox 598 1568 657 1635; x_wconf 88' lang='lat' dir='ltr'>aut</span> <span class='ocrx_word' id='word_1_101' title='bbox 670 1560 819 1635; x_wconf 85' lang='lat' dir='ltr'>laxitates</span> <span class='ocrx_word' id='word_1_102' title='bbox 836 1561 926 1636; x_wconf 83' lang='lat' dir='ltr'>fovet</span> <span class='ocrx_word' id='word_1_103' title='bbox 941 1591 948 1634; x_wconf 91' lang='lat'>:</span> <span class='ocrx_word' id='word_1_104' title='bbox 963 1561 1038 1635; x_wconf 90' lang='lat' dir='ltr'>ideo</span> <span class='ocrx_word' id='word_1_105' title='bbox 1057 1560 1293 1657; x_wconf 81' lang='lat' dir='ltr'>dignissimum</span> <span class='ocrx_word' id='word_1_106' title='bbox 1314 1563 1430 1636; x_wconf 91' lang='lat' dir='ltr'>censui</span> <span class='ocrx_word' id='word_1_107' title='bbox 1448 1569 1495 1652; x_wconf 89' lang='lat' dir='ltr'>ut,</span> <span class='ocrx_word' id='word_1_108' title='bbox 1515 1562 1556 1635; x_wconf 90' lang='lat' dir='ltr'>ad</span> <span class='ocrx_word' id='word_1_109' title='bbox 1575 1584 1792 1634; x_wconf 90' lang='lat' dir='ltr'>communem</span> 
     </span>
     <span class='ocr_line' id='line_1_12' title="bbox 205 1675 1793 1786; baseline 0 -28"><span class='ocrx_word' id='word_1_110' title='bbox 205 1687 379 1778; x_wconf 90' lang='lat' dir='ltr'>omnium,</span> <span class='ocrx_word' id='word_1_111' title='bbox 397 1687 608 1784; x_wconf 79' lang='lat' dir='ltr'>singulariter</span> <span class='ocrx_word' id='word_1_112' title='bbox 626 1688 661 1759; x_wconf 92' lang='lat' dir='ltr'>in</span> <span class='ocrx_word' id='word_1_113' title='bbox 679 1675 761 1762; x_wconf 84' lang='lat' dir='ltr'>soro&#39;</span> <span class='ocrx_word' id='word_1_114' title='bbox 772 1688 1001 1763; x_wconf 88' lang='lat' dir='ltr'>ecclesiastico</span> <span class='ocrx_word' id='word_1_115' title='bbox 1018 1689 1231 1776; x_wconf 85' lang='lat' dir='ltr'>versantium,</span> <span class='ocrx_word' id='word_1_116' title='bbox 1248 1689 1383 1786; x_wconf 87' lang='lat' dir='ltr'>jurique</span> <span class='ocrx_word' id='word_1_117' title='bbox 1401 1711 1501 1762; x_wconf 89' lang='lat' dir='ltr'>sacro·</span> <span class='ocrx_word' id='word_1_118' title='bbox 1517 1709 1652 1786; x_wconf 87' lang='lat' dir='ltr'>operam</span> <span class='ocrx_word' id='word_1_119' title='bbox 1668 1710 1793 1762; x_wconf 88' lang='lat' dir='ltr'>navan-</span> 
     </span>
     <span class='ocr_line' id='line_1_13' title="bbox 205 1811 1792 1914; baseline 0 -30"><span class='ocrx_word' id='word_1_120' title='bbox 205 1813 296 1884; x_wconf 86' lang='lat' dir='ltr'>tium</span> <span class='ocrx_word' id='word_1_121' title='bbox 314 1813 598 1906; x_wconf 86' lang='lat' dir='ltr'>commoditatem,</span> <span class='ocrx_word' id='word_1_122' title='bbox 624 1815 660 1888; x_wconf 96' lang='lat' dir='ltr'>in</span> <span class='ocrx_word' id='word_1_123' title='bbox 677 1815 788 1890; x_wconf 86' lang='lat' dir='ltr'>lucem</span> <span class='ocrx_word' id='word_1_124' title='bbox 809 1815 955 1914; x_wconf 90' lang='lat' dir='ltr'>prodeat,</span> <span class='ocrx_word' id='word_1_125' title='bbox 972 1815 1123 1912; x_wconf 85' lang='lat' dir='ltr'>jurisque</span> <span class='ocrx_word' id='word_1_126' title='bbox 1141 1814 1266 1912; x_wconf 90' lang='lat' dir='ltr'>publici</span> <span class='ocrx_word' id='word_1_127' title='bbox 1291 1815 1358 1894; x_wconf 89' lang='lat' dir='ltr'>flat</span> <span class='ocrx_word' id='word_1_128' title='bbox 1379 1857 1424 1869; x_wconf 92' lang='lat'><em>-</em></span> <span class='ocrx_word' id='word_1_129' title='bbox 1445 1815 1566 1888; x_wconf 87' lang='lat' dir='ltr'>Datum</span> <span class='ocrx_word' id='word_1_130' title='bbox 1585 1811 1792 1903; x_wconf 83' lang='lat' dir='ltr'>bandisbuti,</span> 
     </span>
     <span class='ocr_line' id='line_1_14' title="bbox 205 1938 1791 2039; baseline 0.001 -27"><span class='ocrx_word' id='word_1_131' title='bbox 205 1939 265 2012; x_wconf 89' lang='lat' dir='ltr'>die</span> <span class='ocrx_word' id='word_1_132' title='bbox 285 1938 330 2012; x_wconf 74' lang='lat'>27</span> <span class='ocrx_word' id='word_1_133' title='bbox 349 1940 408 2039; x_wconf 72' lang='lat' dir='ltr'>iul.</span> <span class='ocrx_word' id='word_1_134' title='bbox 429 1963 515 2014; x_wconf 91' lang='lat' dir='ltr'>anno</span> <span class='ocrx_word' id='word_1_135' title='bbox 537 1939 642 2014; x_wconf 72' lang='lat'><strong>1706.</strong></span> <span class='ocrx_word' id='word_1_136' title='bbox 663 1983 709 1996; x_wconf 96' lang='lat'>-</span> <span class='ocrx_word' id='word_1_137' title='bbox 733 1943 785 2015; x_wconf 80' lang='lat' dir='ltr'>Fr.</span> <span class='ocrx_word' id='word_1_138' title='bbox 811 1943 978 2016; x_wconf 82' lang='lat' dir='ltr'>Fnonrnus</span> <span class='ocrx_word' id='word_1_139' title='bbox 1000 1941 1214 2036; x_wconf 83' lang='lat' dir='ltr'>blosrsrnnna,</span> <span class='ocrx_word' id='word_1_140' title='bbox 1242 1940 1280 2016; x_wconf 90' lang='grc' dir='ltr'>Ο.</span> <span class='ocrx_word' id='word_1_141' title='bbox 1305 1942 1348 2016; x_wconf 82' lang='grc' dir='ltr'>Μ.</span> <span class='ocrx_word' id='word_1_142' title='bbox 1374 1941 1406 2016; x_wconf 90' lang='lat' dir='ltr'>S.</span> <span class='ocrx_word' id='word_1_143' title='bbox 1435 1939 1603 2016; x_wconf 79' lang='lat' dir='ltr'>Francisci</span> <span class='ocrx_word' id='word_1_144' title='bbox 1624 1938 1694 2014; x_wconf 82' lang='lat' dir='ltr'>llel.</span> <span class='ocrx_word' id='word_1_145' title='bbox 1715 1938 1791 2014; x_wconf 88' lang='lat' dir='ltr'>loct.</span> 
     </span>
     <span class='ocr_line' id='line_1_15' title="bbox 204 2068 838 2172; baseline 0.002 -31"><span class='ocrx_word' id='word_1_146' title='bbox 204 2075 282 2172; x_wconf 84' lang='lat' dir='ltr'>jub.</span> <span class='ocrx_word' id='word_1_147' title='bbox 304 2077 339 2141; x_wconf 86' lang='lat' dir='ltr'>et</span> <span class='ocrx_word' id='word_1_148' title='bbox 356 2068 538 2146; x_wconf 78' lang='lat' dir='ltr'>Provincia</span> <span class='ocrx_word' id='word_1_149' title='bbox 558 2079 672 2143; x_wconf 88' lang='lat' dir='ltr'>custos</span> <span class='ocrx_word' id='word_1_150' title='bbox 688 2068 838 2144; x_wconf 86' lang='lat' dir='ltr'>actualis.</span> 
     </span>
    </p>
   </div>
   <div class='ocr_carea' id='block_1_3' title="bbox 208 2401 1788 2604">
    <p class='ocr_par' dir='ltr' id='par_1_3' title="bbox 208 2401 1788 2604">
     <span class='ocr_line' id='line_1_16' title="bbox 251 2401 1788 2492; baseline 0.002 -21"><span class='ocrx_word' id='word_1_151' title='bbox 251 2401 309 2472; x_wconf 81' lang='lat' dir='ltr'>ltra</span> <span class='ocrx_word' id='word_1_152' title='bbox 323 2408 340 2472; x_wconf 87' lang='lat' dir='ltr'>&#39;l</span> <span class='ocrx_word' id='word_1_153' title='bbox 356 2410 623 2475; x_wconf 71' lang='lat' dir='ltr'>summust.</span> <span class='ocrx_word' id='word_1_154' title='bbox 638 2443 673 2458; x_wconf 87' lang='lat'>-·</span> <span class='ocrx_word' id='word_1_155' title='bbox 693 2406 983 2474; x_wconf 80' lang='lat' dir='ltr'>thlthltIllAl&#39;Ull.</span> <span class='ocrx_word' id='word_1_156' title='bbox 997 2441 1036 2458; x_wconf 88' lang='lat'>·-</span> <span class='ocrx_word' id='word_1_157' title='bbox 1051 2409 1100 2472; x_wconf 81' lang='lat' dir='ltr'>Fr.</span> <span class='ocrx_word' id='word_1_158' title='bbox 1116 2407 1276 2475; x_wconf 84' lang='lat' dir='ltr'>Domnrcss</span> <span class='ocrx_word' id='word_1_159' title='bbox 1289 2407 1451 2490; x_wconf 81' lang='lat' dir='ltr'>Burrsom,</span> <span class='ocrx_word' id='word_1_160' title='bbox 1466 2407 1536 2476; x_wconf 87' lang='lat' dir='ltr'>Ord.</span> <span class='ocrx_word' id='word_1_161' title='bbox 1554 2407 1649 2475; x_wconf 83' lang='lat' dir='ltr'>Prad.</span> <span class='ocrx_word' id='word_1_162' title='bbox 1665 2403 1739 2492; x_wconf 66' lang='lat' dir='ltr'>urg.</span> <span class='ocrx_word' id='word_1_163' title='bbox 1756 2405 1788 2475; x_wconf 73' lang='lat' dir='ltr'>S·</span> 
     </span>
     <span class='ocr_line' id='line_1_17' title="bbox 208 2513 1658 2604; baseline 0.001 -24"><span class='ocrx_word' id='word_1_164' title='bbox 208 2513 276 2581; x_wconf 83' lang='lat' dir='ltr'>Pal.</span> <span class='ocrx_word' id='word_1_165' title='bbox 291 2516 358 2583; x_wconf 89' lang='lat' dir='ltr'>Soc.</span> <span class='ocrx_word' id='word_1_166' title='bbox 375 2555 413 2566; x_wconf 90' lang='grc'><strong>-</strong></span> <span class='ocrx_word' id='word_1_167' title='bbox 428 2517 716 2586; x_wconf 73' lang='lat' dir='ltr'>uuuffuffluruu.</span> <span class='ocrx_word' id='word_1_168' title='bbox 733 2555 771 2570; x_wconf 92' lang='lat'><em>-</em></span> <span class='ocrx_word' id='word_1_169' title='bbox 785 2519 931 2585; x_wconf 82' lang='lat' dir='ltr'>Jossrsus</span> <span class='ocrx_word' id='word_1_170' title='bbox 945 2535 1040 2586; x_wconf 79' lang='lat' dir='ltr'>naus</span> <span class='ocrx_word' id='word_1_171' title='bbox 1053 2519 1155 2586; x_wconf 82' lang='lat' dir='ltr'>Ponrn</span> <span class='ocrx_word' id='word_1_172' title='bbox 1169 2518 1290 2585; x_wconf 73' lang='lat' dir='ltr'>Patriam</span> <span class='ocrx_word' id='word_1_173' title='bbox 1306 2519 1526 2604; x_wconf 81' lang='lat' dir='ltr'>constantinop.</span> <span class='ocrx_word' id='word_1_174' title='bbox 1543 2519 1658 2602; x_wconf 77' lang='lat' dir='ltr'>licesg.</span> 
     </span>
    </p>
   </div>
   <div class='ocr_carea' id='block_1_4' title="bbox 859 4145 1142 4250">
    <p class='ocr_par' dir='ltr' id='par_1_4' title="bbox 859 4145 1142 4250">
     <span class='ocr_line' id='line_1_18' title="bbox 859 4145 1142 4250; baseline 0.011 -2"><span class='ocrx_word' id='word_1_175' title='bbox 859 4145 1142 4250; x_wconf 79' lang='lat' dir='ltr'><strong>ERRATUM</strong></span> 
     </span>
    </p>
   </div>
   <div class='ocr_carea' id='block_1_5' title="bbox 608 4401 1392 4490">
    <p class='ocr_par' dir='ltr' id='par_1_5' title="bbox 608 4401 1392 4490">
     <span class='ocr_line' id='line_1_19' title="bbox 608 4401 1392 4490; baseline -0.001 -18"><span class='ocrx_word' id='word_1_176' title='bbox 608 4401 672 4490; x_wconf 72' lang='lat' dir='ltr'>bag.</span> <span class='ocrx_word' id='word_1_177' title='bbox 691 4417 755 4487; x_wconf 81' lang='lat' dir='ltr'>are,</span> <span class='ocrx_word' id='word_1_178' title='bbox 774 4415 824 4474; x_wconf 77' lang='lat' dir='ltr'>su.</span> <span class='ocrx_word' id='word_1_179' title='bbox 843 4417 871 4486; x_wconf 81' lang='lat' dir='ltr'>a,</span> <span class='ocrx_word' id='word_1_180' title='bbox 891 4433 919 4471; x_wconf 80' lang='lat' dir='ltr'>n.</span> <span class='ocrx_word' id='word_1_181' title='bbox 938 4417 984 4488; x_wconf 83' lang='lat' dir='ltr'>os,</span> <span class='ocrx_word' id='word_1_182' title='bbox 1003 4415 1072 4473; x_wconf 73' lang='lat' dir='ltr'>aare</span> <span class='ocrx_word' id='word_1_183' title='bbox 1091 4431 1098 4472; x_wconf 69' lang='grc' dir='ltr'><strong><em>ι</em></strong></span> <span class='ocrx_word' id='word_1_184' title='bbox 1118 4415 1310 4474; x_wconf 76' lang='lat' dir='ltr'>annonario</span> <span class='ocrx_word' id='word_1_185' title='bbox 1327 4413 1392 4473; x_wconf 81' lang='lat' dir='ltr'>xrs.</span> 
     </span>
    </p>
   </div>
   <div class='ocr_carea' id='block_1_6' title="bbox 0 0 2044 6064">
    <p class='ocr_par' dir='ltr' id='par_1_6' title="bbox 0 0 2044 6064">
     <span class='ocr_line' id='line_1_20' title="bbox 0 0 2044 6064; baseline 0 6"><span class='ocrx_word' id='word_1_186' title='bbox 0 0 2044 6064; x_wconf 95' lang='lat' dir='ltr'> </span> 
     </span>
    </p>
   </div>
  </div>
 </body>
</html>
