4028 6068
283 193 342 262 9.Ιο
390 215 393 222 ’
547 191 617 258 uls.
641 191 676 258 ΙΙ.
699 189 907 257 DECRE'IAL.
930 193 1000 257 nir.
1023 191 1125 260 XXVI.
1148 197 1199 258 Du
1220 192 1598 262 PRAESCIIIP'I'IONIBUS.

283 339 317 394 ut
332 347 401 411 cap.
417 349 449 393 n.
465 329 501 393 de
516 329 671 410 Consesn'e.
687 335 719 390 et
733 347 760 390 o.
777 327 815 390 Si
826 327 971 410 dilipenti.
995 331 1043 390 ΙΙ.
1099 327 1338 408 prenotaudum
1351 347 1424 391 cum
1437 331 1542 392 Lessio
1556 332 1609 394 lib.
1626 333 1663 394 lI.
1679 329 1717 394 de
1737 331 1819 394 test.
1840 341 1870 394 et

282 424 314 485 b.
332 431 354 487 t.
371 441 442 486 uum
456 424 617 488 similibus.
1093 421 1161 502 jur.
1177 439 1246 502 cup.
1263 439 1309 484 ιιι.
1326 441 1358 483 n.
1379 426 1427 488 28.
1452 442 1570 487 nomen
1592 423 1749 488 Seruitetis
1766 425 1871 508 dupli·

322 520 372 580 86.
401 517 451 580 Vel
459 536 513 600 per
532 517 777 578 denuntiationem
795 515 1048 597 tantumtempora
1100 513 1178 574 citer
1185 511 1282 591 accipi
1292 515 1444 593 ajuristis.
1459 516 1574 592 Primo,
1589 533 1645 597 pro
1660 517 1870 598 subjectione,

283 619 455 674 comrocm
468 645 507 658 —
516 611 633 673 Deinde
647 614 729 672 mala
742 610 820 671 fides
833 608 982 689 probatur
991 627 1048 689 par
1101 622 1156 666 seu
1172 606 1371 686 obligatione,
1397 628 1461 690 qun
1482 629 1533 673 res
1554 629 1610 674 seu
1624 629 1757 692 persona
1771 613 1872 675 unius

283 705 550 768 denuntiationem
571 705 684 767 iactam
698 711 839 784 tempore
854 708 1044 775 contractus,
1101 708 1149 762 est
1162 701 1298 782 obligata
1313 703 1414 781 alteri,
1434 713 1465 768 ut
1479 705 1538 785 ipsi
1554 707 1784 786 quodammodo
1807 725 1876 768 ser-

284 799 306 862 1.
322 797 360 862 a·
371 798 507 880 [undum
524 817 550 860 o.
567 797 603 860 de
617 798 674 861 Rei
684 797 828 860 vendicet.
839 795 896 862 Ubi
907 795 1047 857 Summa·
1101 794 1183 858 nat:
1202 797 1352 860 etinhoc
1368 817 1462 863 sensu
1478 804 1877 883 mancipiadicunturser-
1996 809 1997 856 t

284 890 365 952 rium
379 891 423 951 sio
438 891 531 953 habet
551 911 558 951 :
589 911 604 947 a
626 889 824 951 Renuntiatio
845 887 927 949 lacta
949 905 968 948 a
991 887 1049 948 du·
1101 889 1197 952 vitute
1211 891 1322 971 premi.
1337 890 1481 973 Secundo,
1498 913 1553 974 pro
1566 895 1639 975 jure
1655 897 1718 972 illo,
1734 897 1821 976 qnod
1836 913 1877 957 ex

285 983 381 1057 mino,
409 1001 449 1044 ne
477 985 662 1064 quisemat,
688 982 846 1044 constituit
874 985 1048 1060 emptorem
1105 985 1194 1060 parte
1208 982 1334 1044 alterius
1344 988 1666 1067 correspondetdictee
1677 988 1876 1070 obligationi.

226 1093 228 1098 ·
285 1078 374 1138 mela
388 1077 461 1139 fidei
476 1094 697 1158 possessorem.
723 1098 737 1134 o
764 1078 865 1155 Atque
887 1073 969 1136 istud
982 1091 1049 1134 am·
1103 1073 1153 1136 Sic
1168 1074 1293 1154 quando
1306 1077 1403 1139 Tiliue
1416 1078 1512 1141 habet
1525 1098 1591 1142 rem
1606 1081 1671 1143 Caii
1681 1082 1741 1144 sibi
1755 1083 1879 1162 obliga·

284 1170 361 1251 pIIat
380 1172 560 1233 Muscardus
581 1170 631 1232 cit.
654 1171 753 1232 couci.
778 1171 865 1232 tuot.
889 1185 921 1228 n.
946 1169 996 1229 29.
1018 1169 1050 1229 et
1102 1173 1166 1228 tam
1180 1168 1284 1247 aliquo
1298 1169 1392 1233 modo
1406 1190 1445 1234 ex
1458 1172 1540 1236 inira
1554 1177 1786 1250 enumerandis,
1801 1183 1878 1238 tunc

284 1267 334 1328 80.
352 1271 383 1327 et
396 1283 488 1346 seqq:
500 1264 619 1328 ctIemsi
633 1265 704 1326 talis
717 1261 914 1326 denuntiatio
928 1261 1049 1322 floreta
1103 1277 1142 1321 ex
1155 1267 1243 1342 parte
1259 1262 1323 1323 Caii
1337 1265 1492 1344 reperitur
1511 1267 1644 1330 servitus
1668 1273 1793 1350 sumpta
1816 1285 1878 1347 pro

285 1364 496 1437 procuratore,
510 1358 559 1420 uel
573 1357 731 1437 abaliquo
745 1357 848 1431 tertio,
864 1354 918 1435 qui
930 1354 1050 1416 denun-
1103 1349 1307 1434 obligatione3
1324 1373 1363 1418 ex
1377 1366 1465 1438 parte
1478 1360 1549 1424 'litii
1566 1379 1641 1424 vcro
1660 1361 1755 1424 datur
1773 1361 1878 1423 serri-

285 1452 341 1516 tiat
353 1451 617 1526 numinedomini‚
630 1469 670 1514 ne
681 1451 750 1531 quis
763 1449 858 1512 talem
872 1466 939 1510 rem
953 1453 1047 1522 emat,
1103 1450 1154 1509 tus
1175 1455 1300 1526 sumpta
1318 1468 1374 1529 pru
1394 1452 1476 1532 jure,
1499 1454 1533 1515 id
1552 1461 1610 1532 est,
1628 1455 1683 1535 J'us
1702 1457 1877 1520 servitutis.

286 1563 358 1607 cum
386 1547 425 1608 sit
444 1565 520 1607 sna:
545 1564 619 1607 nam
644 1547 739 1608 etium
762 1563 800 1606 ex
819 1543 871 1605 tali
886 1543 1047 1616 relatione,
1102 1541 1204 1618 Atque
1218 1539 1251 1601 in
1264 1540 1325 1605 hac
1337 1545 1499 1622 posteriori
1512 1547 1876 1628 acceptiouejurisperiti

286 1637 845 1702 saudenuntIatiaueinduciturmala
859 1635 948 1708 fides,
963 1635 1050 1714 juxta
1103 1631 1295 1711 frequentius
1316 1636 1473 1717 accipiunt
1499 1639 1700 1712 servitutem,
1730 1638 1879 1702 videlieet

284 1739 404 1796 textum
417 1733 583 1794 notabilem
598 1733 631 1794 in
652 1732 673 1793 l.
699 1731 772 1794 Item
794 1728 923 1792 ueniunt.
938 1729 956 1807 ᾗ
970 1727 1049 1790 Peti-
1103 1741 1160 1804 pro
1171 1724 1241 1804 jure
1256 1725 1388 1802 leuandi,
1405 1730 1455 1791 uel
1468 1729 1577 1793 utcudi
1599 1731 1705 1812 aliquo
1724 1731 1819 1794 modo
1840 1747 1878 1792 re

286 1835 357 1886 tom.
386 1827 419 1888 il.
441 1825 478 1888 de
498 1825 635 1888 Potition.
658 1822 793 1885 deradit.
818 1821 998 1884 Menochius
1016 1819 1050 1881 de
1104 1819 1216 1894 aliena,
1235 1821 1285 1881 vel
1299 1821 1418 1901 aliquid
1432 1823 1513 1886 circa
1529 1842 1600 1887 eam
1615 1825 1819 1906 impediendi.
1840 1827 1878 1886 Ιιι

231 2001 232 2006 ¹
285 1918 438 1982 Arbitror.
448 1918 546 2000 judic.
562 1919 616 1980 lib.
633 1921 668 1981 ΙΙ.
684 1937 747 1980 cas.
764 1918 834 1979 223.
849 1933 881 1977 n.
899 1905 956 1989 ΙἸς
972 1914 1051 1976 llae-
1104 1930 1165 1993 quo
1189 1915 1277 1994 proin
1301 1915 1465 1995 posteriori
1485 1935 1580 1980 sensa
1602 1919 1798 1998 potissimum
1817 1921 1880 1980 im·

285 2011 468 2074 cardueloc.
485 2013 537 2075 cit.
553 2030 585 2074 n.
607 2011 656 2073 38.
680 2010 821 2090 allegans
844 2008 931 2094 alios.
955 2009 1050 2069 Sacas
1103 2010 1338 2086 praesentarium
1366 2029 1469 2073 sermo
1498 2013 1558 2074 erit
1584 2013 1624 2075 de
1647 2012 1875 2076 servitutibus:
1996 2077 1997 2092 ,

285 2105 461 2182 dicendum,
478 2105 603 2187 quando
618 2106 753 2184 primum
768 2123 806 2166 ex
819 2110 889 2184 pust
908 2104 989 2166 iacto
1011 2101 1051 2163 sit
1104 2119 1283 2182 quanquam
1311 2122 1368 2180 ea,
1394 2122 1464 2184 qua
1485 2106 1629 2170 dicentur
1656 2104 1695 2168 de
1724 2107 1877 2168 servitute

285 2199 489 2278 denuntiatio,
504 2217 568 2260 nun
583 2202 691 2260 autum
705 2197 745 2258 ab
759 2195 845 2256 initio
855 2200 1047 2267 contractus;
1105 2201 1228 2273 sumptu
1250 2213 1307 2274 pro
1325 2195 1406 2275 jure,
1433 2215 1603 2260 econverso
1618 2199 1753 2278 (seruata
1766 2204 1877 2260 tamen

286 2291 359 2372 quia
373 2298 447 2354 tuno
461 2308 518 2372 per
530 2293 590 2354 hoc
604 2291 706 2354 solam
720 2308 784 2352 non
797 2289 955 2350 inducitur
967 2287 1051 2350 mala
1103 2289 1314 2368 proportione)
1340 2291 1490 2370 applicari
1516 2293 1637 2371 possint
1657 2291 1800 2355 servituti
1824 2309 1880 2354 ac·

285 2383 373 2461 tides,
403 2385 462 2446 ulei
489 2387 542 2447 liat
568 2385 601 2446 in
624 2385 779 2448 defectum
802 2401 907 2445 coram
924 2382 1049 2464 judica,
1104 2385 1271 2462 ueplae'pro
1286 2381 1487 2462 obligatione.
1503 2385 1570 2455 Ouo
1584 2388 1760 2465 praenotato

282 2479 371 2558 juxta
384 2479 516 2541 formam
529 2479 677 2541 traditam
690 2479 722 2540 in
735 2479 756 2540 l.
788 2475 828 2542 Ut
838 2477 996 2559 perfectus.
1021 2495 1048 2538 c.
1143 2479 1193 2538 90.
1216 2475 1350 2539 Seruitia
1363 2484 1396 2539 nt
1408 2477 1459 2554 ιιι,
1474 2477 1565 2561 quad?
1580 2478 1756 2558 -Itespl
1777 2479 1877 2540 aser·
1996 2467 1997 2558 ]

285 2572 320 2635 de
332 2571 446 2634 Annali
456 2559 564 2655 accept.
580 2571 675 2635 Italic.
687 2573 790 2634 Abbas
805 2589 832 2634 c.
849 2569 887 2634 Si
904 2568 1047 2651 dilipenti.
1104 2569 1185 2632 vitus
1199 2571 1314 2632 alsius
1334 2579 1381 2634 est
1390 2573 1454 2652 jus,
1478 2591 1541 2653 quo
1561 2591 1612 2635 res
1630 2573 1734 2634 alicua
1756 2579 1880 2652 preater
1996 2615 1997 2640 ,

286 2685 318 2729 ιι.
334 2670 382 2728 tt.
399 2667 432 2730 h.
447 2675 469 2730 t.
1104 2669 1248 2727 naturam
1270 2665 1358 2728 alteri
1381 2665 1439 2740 rei,
1467 2667 1516 2729 vel
1539 2683 1682 2747 personae
1706 2665 1879 2728 utibmem
1996 2697 1997 2748 3

325 2759 374 2822 st.
397 2760 462 2821 Aut
478 2777 534 2842 per
553 2759 667 2840 [omont
687 2759 719 2820 in
743 2757 859 2822 ueniam.
886 2788 927 2803 -
957 2753 1051 2817 Tertio
1103 2757 1208 2835 debet,
1223 2765 1422 2840 praestatque.
1438 2761 1482 2822 Ita
1497 2759 1670 2823 desumitur
1689 2778 1728 2822 ex
1750 2758 1774 2822 Ι.
1801 2757 1879 2836 Quia

286 2855 370 2915 mala
396 2854 474 2916 fides
501 2856 650 2935 probatur
669 2869 727 2936 per
752 2853 870 2914 lamam
892 2851 924 2911 iu
939 2849 1050 2910 vicinio
1105 2850 1166 2912 ties.
1183 2851 1215 2914 ff.
1236 2851 1273 2913 de
1285 2850 1458 2916 Seruitutib.
1479 2853 1673 2928 ubidicitur,
1690 2851 1878 2914 seruitutem

287 2947 370 3028 quad
384 2967 434 3009 res
449 2949 487 3010 sit
500 2949 638 3026 alterius,
655 2965 750 3028 quarn
763 2945 941 3007 venditoris.
967 2945 1051 3004 Hanc
1105 2963 1166 3006 non
1180 2962 1272 3024 posse
1287 2947 1431 3009 cunstitui
1446 2947 1486 3008 de
1502 2964 1551 3022 eo,
1568 2947 1651 3027 quod
1669 2947 1746 3007 nihil
1760 2945 1883 3008 viciuo-

287 3042 369 3102 enim
384 3048 515 3122 emptor,
528 3046 620 3120 atque
634 3057 798 3120 possessor
811 3037 922 3100 exinde
936 3036 1048 3109 faetus,
1104 3054 1175 3098 rum
1188 3037 1330 3113 interest;
1347 3039 1403 3101 sed
1417 3057 1488 3101 cam
1502 3055 1571 3101 esse
1586 3038 1771 3101 servitutum
1789 3040 1882 3117 patn—
1996 3041 1997 3052 ¹

285 3135 430 3216 ignorare
445 3153 508 3196 nou
522 3134 730 3215 presumitur,
746 3151 774 3196 c.
792 3130 948 3209 Quosdam.
964 3133 995 3190 Ι.
1021 3133 1052 3188 et
1105 3149 1184 3206 ram,
1200 3138 1233 3193 ut
1250 3132 1318 3212 quis
1337 3133 1517 3213 spatiatur,
1542 3137 1597 3195 aut
1619 3131 1683 3194 nou
1707 3129 1804 3194 neiat
1822 3129 1882 3190 ali-

286 3249 314 3292 u.
331 3229 457 3304 Quanto,
473 3232 501 3292 8.
509 3229 546 3290 de
560 3227 781 3309 Proesumption.
792 3225 896 3304 sicque
910 3221 1052 3303 arguitur
1106 3225 1209 3304 quid,o
1223 3228 1306 3306 quod
1320 3228 1449 3290 Interest
1462 3227 1688 3302 attenuasse,
1697 3231 1733 3290 ut
1746 3227 1883 3308 Splega.
1996 3273 1997 3302 ,

287 3323 369 3384 mala
382 3322 459 3384 fides
477 3322 585 3402 ipsius.
615 3321 720 3384 Abbas
734 3321 786 3383 cit.
808 3339 835 3381 c.
861 3317 1050 3380 Sanctorum.
1105 3319 1165 3380 lius
1178 3319 1211 3379 iu
1224 3319 1331 3382 Lenito
1352 3320 1691 3396 ranvenstetten,
1709 3321 1878 3410 loquitur:

287 3435 320 3479 n.
339 3421 368 3478 Ι.
398 3417 429 3479 b.
455 3423 490 3491 t.;
520 3415 699 3478 Mascardus
723 3413 755 3474 d.
778 3414 879 3474 conol.
904 3413 993 3475 tuot.
1017 3429 1049 3474 n.
1110 3414 1276 3478 «Servitus
1296 3421 1344 3480 est
1359 3420 1422 3500 jus,
1448 3437 1509 3498 quo
1529 3418 1674 3481 adimitur
1698 3416 1818 3494 aliquid
1841 3414 1880 3475 li·
1996 3413 1997 3480 l

287 3512 335 3572 34·
361 3509 500 3591 allegans
514 3510 663 3590 plurimos
684 3507 772 3568 illios·
1106 3509 1229 3584 berlaii,
1240 3511 1486 3590 quemdominus
1495 3511 1528 3573 in
1541 3526 1576 3573 re
1591 3529 1648 3572 sua
1662 3509 1769 3586 habet,
1781 3507 1881 3586 idque
1996 3577 1997 3600 χ

327 3608 377 3668 88.
406 3604 458 3668 Vei
477 3605 505 3666 si
524 3623 569 3666 ees
591 3603 651 3684 tuit
669 3599 810 3682 requisito
824 3609 925 3662 uonna
933 3599 997 3682 jus.
1015 3630 1053 3644 -
1108 3603 1288 3666 conceditur
1301 3623 1454 3684 personae,
1471 3605 1521 3668 uel
1533 3605 1580 3666 rci
1593 3605 1744 3667 alienas

290 3696 400 3772 Quarto
413 3696 562 3776 probatur
577 3695 757 3767 malefidas,
773 3692 799 3752 si
813 3709 863 3753 res
876 3691 934 3752 tuit
947 3689 1054 3772 acqui-
1146 3698 1195 3758 91.
1219 3695 1369 3759 diuiditur
1403 3698 1434 3759 in
1471 3697 1661 3780 personalem,
1703 3693 1814 3757 rectem
1852 3699 1883 3756 et

289 3789 347 3851 sita
362 3793 468 3851 contm
480 3790 532 3868 jus
549 3807 556 3850 ι
573 3791 709 3866 utputa,
725 3786 751 3848 si
766 3785 835 3866 quie
846 3785 919 3846 emit
933 3803 1000 3845 rem
1014 3783 1053 3844 ab
1108 3789 1242 3851 mistum
1257 3822 1296 3836 —
1310 3791 1402 3873 Resp.
1419 3791 1455 3854 ll.
1471 3790 1611 3853 Servitus
1624 3797 1661 3850 ut
1673 3789 1718 3850 sic
1732 3795 1820 3849 recte
1834 3787 1884 3849 di-
1996 3799 1997 3860 t

289 3880 427 3944 Ecclesia
454 3899 517 3942 nun
538 3883 661 3942 servata
672 3880 749 3960 juris
773 3878 1055 3952 solemnisassent
1109 3883 1221 3944 viditur
1242 3883 1273 3944 in
1294 3883 1477 3946 servitutem
1503 3881 1713 3964 personalem,
1748 3881 1882 3953 realem,
1996 3873 1997 3944 ἶ

289 3991 356 4036 rem
369 3973 477 4054 pupilli
492 3973 557 4035 sine
572 3972 880 4050 Interveutututoris,
890 3973 1051 4052 juxtareg.
1109 3983 1140 4040 et
1158 3979 1308 4042 mixtam„
1326 3981 1372 4040 lta
1394 3977 1504 4040 Glossa
1530 3978 1548 4058 5
1574 3975 1773 4039 Raeticarum.
1797 3993 1881 4036 vers.

290 4072 339 4132 82.
361 4070 423 4147 jar.
445 4067 478 4128 iu
495 4070 525 4130 6.
554 4089 567 4124 ι
586 4066 643 4138 0ιί
666 4068 774 4128 eontra
792 4067 863 4145 jora
887 4069 1052 4139 mercatur,
1107 4071 1291 4134 turoinsut.
1306 4067 1725 4152 attonitaatnotita.
1738 4068 1884 4131 euersor
1996 4109 1997 4144 ,

290 4163 406 4224 bonam
418 4161 512 4224 fidem
527 4161 725 4242 presumitur
739 4178 801 4222 non
815 4160 943 4238 habere,
957 4177 972 4219 ι
984 4175 1055 4220 cum
1109 4165 1306 4240 senatulum,
1322 4183 1391 4244 quse
1406 4170 1438 4227 et
1452 4166 1579 4245 praefixa
1599 4166 1621 4226 I.
1636 4163 1712 4225 VIII.
1735 4161 1769 4224 ii.
1791 4163 1841 4226 tit.
1857 4165 1882 4224 Ι.

290 4255 526 4318 concordandis.
541 4256 695 4317 Tenentur
709 4253 866 4314 nonnullae
881 4252 950 4314 aliea
965 4253 1055 4314 mala
1109 4259 1143 4321 do
1166 4257 1308 4321 Servitus.
1331 4259 1500 4340 Sylvastor,
1521 4277 1601 4322 vers.
1618 4256 1763 4321 Seruitus.
1786 4273 1821 4318 n.
1851 4261 1882 4320 l.

291 4349 362 4412 lidei
377 4349 587 4429 probationes,
604 4349 644 4411 de
658 4349 772 4432 quibus
783 4349 907 4429 copiose
921 4347 1056 4412 Muscar-
1109 4349 1232 4414 Lessius
1245 4351 1298 4412 lib.
1315 4351 1365 4414 VI.
1381 4351 1418 4414 de
1435 4352 1538 4415 dnstit.
1556 4350 1659 4434 etjur.
1680 4368 1752 4430 cap.
1774 4367 1824 4414 nr.
1847 4367 1883 4411 u.
1996 4407 1997 4412 ,

291 4443 350 4504 dus
364 4444 416 4505 cit.
429 4442 530 4506 eoncl.
547 4445 635 4508 tout.
1110 4447 1159 4510 89.
1176 4444 1271 4507 etalii
1293 4447 1423 4525 passim;
1451 4446 1591 4526 muniris
1614 4443 1801 4526 SpiageIins,
1829 4443 1883 4506 ubi

1110 4556 1216 4618 supra,
1232 4535 1414 4602 servitutem
1427 4541 1557 4604 mixtam
1571 4539 1701 4602 reducat
1715 4538 1757 4601 ad
1771 4557 1883 4618 persc-
1904 4557 1907 4563 ’

573 4659 576 4666 ·
627 4657 646 4742 §
665 4656 715 4723 pv,
1110 4633 1225 4695 nalem.
1240 4633 1329 4696 Ratio
1344 4636 1551 4698 conclusiouIs
1566 4641 1613 4698 cst
1629 4653 1637 4695 ι
1658 4635 1732 4716 quia
1747 4635 1885 4698 seruitus

1110 4733 1212 4809 potest
1250 4729 1351 4796 tribus
1390 4729 1490 4792 modIs
1526 4731 1719 4810 contingere.
1753 4729 1883 4804 Primo,

293 4839 329 4894 bt
339 4839 557 4906 susurronibus,
566 4841 813 4903 ouuaarronruus,
823 4839 861 4890 ur
875 4841 1055 4902 teutonicus,
1111 4839 1183 4885 cum
1210 4841 1273 4884 uua
1300 4841 1436 4902 persone
1461 4825 1556 4887 servit
1581 4823 1672 4886 alteri
1709 4841 1884 4904 persona:

332 4941 427 4994 trouu
458 4939 532 4987 ιοιιι
561 4937 628 4986 nruu
658 4939 697 4984 ιι
721 4937 963 4987 sensumsensurn
988 4937 1057 4988 resrs
1111 4920 1144 4978 et
1189 4914 1258 4976 husu
1302 4921 1431 4978 vocatur
1466 4938 1480 4976 n
1513 4917 1676 4980 servitutis
1729 4933 1886 4997 persona·
1996 4913 1997 4970 l

331 5033 499 5088 ssuursrra.
1023 5059 1025 5064 .
1109 5008 1202 5082 lis3u
1235 5025 1289 5068 seu
1317 5005 1365 5084 (ut
1390 4991 1462 5068 c'am
1489 5007 1619 5086 proeluta
1639 5007 1761 5070 Arbore
1785 5007 1887 5070 servi·

1087 5179 1089 5190 Ι
1111 5103 1213 5163 tutum
1232 5099 1372 5161 nonnulli
1391 5099 1571 5182 loquentur)
1590 5119 1677 5162 mere
1691 5102 1882 5180 personalis.

332 5199 381 5260 88.
406 5195 563 5260 Seruitun's
592 5209 693 5257 annea
726 5193 878 5276 dupliciter
904 5195 1054 5277 scopitur,
1110 5193 1254 5270 Secundo,
1270 5200 1301 5257 et
1313 5194 1355 5256 ad
1368 5193 1573 5258 imitationem
1581 5212 1799 5275 personarum,
1809 5213 1884 5257 con·

288 5309 346 5374 pro
359 5289 533 5372 adjectione
545 5289 698 5367 nimirum,
714 5297 742 5350 et
749 5308 807 5370 pro
813 5290 896 5372 jure.
911 5322 952 5337 -
965 5291 1056 5362 Quae-
1110 5289 1247 5354 stituitur
1260 5289 1393 5353 servitus
1406 5289 1439 5350 in
1453 5291 1565 5364 rebus;
1586 5291 1681 5369 idque
1701 5289 1807 5351 adbuc
1819 5289 1880 5350 du-

294 5385 372 5448 rltur
385 5387 411 5448 Ι.
426 5384 517 5461 Quid,
533 5391 564 5448 et
581 5385 749 5490 quotuplex
772 5383 810 5446 sit
831 5385 980 5447 servitus?
998 5383 1056 5446 Ubi
1109 5384 1239 5468 pliciter,
1252 5383 1342 5464 juxta
1354 5383 1377 5447 t.
1392 5383 1416 5448 1.
1432 5383 1465 5447 ff.
1481 5381 1516 5450 de
1529 5381 1700 5448 struant.
1723 5384 1804 5446 Num
1823 5385 1882 5446 aut
