4064 6062
351 363 425 442 gx.
447 365 497 426 uu
518 363 809 426 aureosnuorts
829 349 1178 428 mercenariorum
1199 364 1273 428 run
1291 367 1443 428 ruerus.
1627 367 1683 428 tus

142 496 215 556 288.
226 493 374 556 Eorndem
387 495 445 556 uim
459 495 584 558 obtinent
598 504 658 558 tom
670 495 743 579 fider
755 497 865 559 imbu-
958 501 1026 561 aet.
1043 498 1429 582 Ubirequiriturscripbero
1442 499 1683 563 admittentium

101 595 280 663 martorum,
295 607 383 670 mum
397 589 584 671 depositiones
598 589 732 667 tertium;
752 599 781 652 et
800 609 869 672 quo·
887 643 889 648 .
920 599 1011 667 cetur,
1027 601 1109 654 testea
1122 609 1179 653 non
1191 587 1351 673 rusticium.
1368 625 1408 642 -
1428 593 1474 656 Ad
1495 593 1619 655 tertiam
1637 593 1685 653 di-

100 677 213 742 modat
227 716 264 726 -
286 683 395 762 Neque
416 683 539 746 obstant
555 683 690 748 rationes
709 683 869 746 dubitandi
921 683 1010 760 citur,
1027 684 1102 746 illud
1116 703 1185 748 esse
1206 688 1339 765 speciale
1358 688 1390 748 in
1411 687 1534 749 casibus
1555 687 1630 764 illis,
1651 687 1683 747 in

99 793 134 834 n.
151 779 221 838 282.
238 775 270 836 iu
284 775 599 838 contrarium'allatea.
618 777 697 839 Nam
719 775 869 856 imprimis
922 776 1034 858 quibus
1055 778 1123 857 jura
1146 779 1190 840 sic
1210 779 1395 858 disponente
1414 778 1582 859 requiritur
1609 777 1686 838 sori·

98 875 207 930 textus
220 887 259 930 ex
270 869 293 930 l.
309 869 348 930 ln
362 868 538 950 menende,
548 888 576 932 c.
589 871 620 932 b.
634 875 655 931 t.
668 871 795 944 relatus,
806 870 870 932 vult
922 874 1011 948 ptura
1025 870 1066 932 ad
1079 869 1284 932 substantiam
1296 878 1394 949 actus,
1411 871 1475 932 sive
1494 873 1682 942 contractus,

99 961 264 1038 duntaxat,
293 963 378 1043 quod
405 963 515 1025 eedem
544 963 584 1026 sit
603 963 811 1040 instrumenti,
833 981 870 1025 ac
922 959 1028 1040 sicque
1043 965 1137 1024 testas
1151 981 1213 1023 nou
1227 963 1383 1025 sufficiunt
1398 983 1405 1026 ι
1423 969 1457 1026 ut
1469 964 1491 1026 l.
1511 960 1685 1025 Contractus

99 1056 230 1118 testium
252 1055 301 1119 vis
321 1056 424 1137 queam
452 1057 641 1138 probationis
668 1058 825 1131 allectum,
844 1042 870 1118 si
923 1051 1127 1117 venditionum.
1153 1073 1179 1117 c.
1204 1055 1236 1118 h.
1260 1059 1283 1118 t.
1308 1074 1380 1118 cum
1398 1055 1466 1118 eliis
1480 1055 1613 1132 casibus,
1630 1073 1686 1136 per

100 1149 181 1209 nihil
195 1149 272 1228 ipsis
286 1157 460 1230 opponatur
476 1170 484 1212 ε
500 1151 573 1231 quia
587 1152 662 1213 tuno
678 1150 871 1229 aequiparari·
923 1144 1063 1207 Glossam
1083 1147 1134 1209 cit.
1155 1165 1223 1228 cap.
1247 1165 1270 1210 1.
1291 1167 1322 1210 v.
1339 1148 1377 1210 ln
1390 1149 1506 1230 sumptio
1518 1146 1555 1212 de
1569 1147 1684 1213 Cernit.

102 1249 166 1318 tur,
191 1261 365 1322 paremque
389 1242 506 1306 habent
525 1244 586 1307 vim
608 1243 775 1324 probandi3
800 1259 871 1304 cum
923 1234 956 1297 in
968 1237 998 1297 6.
1014 1237 1129 1300 uelutis.
1146 1239 1241 1302 Seous
1254 1239 1421 1303 dicendum
1429 1241 1461 1302 in
1470 1240 1591 1304 ttaeteris
1605 1241 1685 1302 casi-

103 1335 613 1415 tamtsstes,quamiustrumeute,
624 1335 871 1417 plenemiaciaut
923 1327 993 1404 bus,
1008 1347 1064 1392 seu
1079 1331 1131 1393 ubi
1146 1332 1297 1412 scriptura
1314 1335 1490 1396 necessario
1511 1352 1576 1395 non
1593 1333 1688 1397 debet

101 1428 334 1507 probationem.
360 1427 463 1491 Abbes
486 1447 513 1492 o.
541 1428 635 1492 Tertio
655 1429 725 1492 toro.
745 1432 820 1491 md.
835 1428 872 1491 de
923 1424 1119 1488 intervenire.
1135 1429 1251 1488 vorum
1264 1428 1427 1490 occasione
1440 1429 1685 1509 praemissorum.

102 1519 230 1582 Probet.
246 1527 279 1582 ct
292 1539 320 1584 c.
335 1519 409 1584 Cum
421 1520 555 1584 loannes.
568 1527 639 1586 md.
649 1523 681 1587 h.
693 1527 729 1599 t.;
745 1523 873 1604 Pirhiug
964 1521 1033 1582 aba.
1057 1523 1117 1583 Per
1130 1529 1214 1584 tester
1226 1521 1478 1583 instrumentarius
1487 1520 1613 1602 qualiter
1624 1539 1689 1602 poe·

103 1613 136 1672 h.
153 1617 189 1688 t.,
206 1631 240 1674 ιι.
260 1616 313 1692 Ἶ3,
337 1631 416 1676 vers.
444 1615 548 1691 Quare.
573 1617 670 1678 secus
692 1616 869 1691 dicendum,
924 1613 963 1674 sit
975 1613 1196 1676 instrumentum
1211 1613 1401 1696 impuqncrit
1414 1613 1688 1684 l’esteoiuctrumen·¹

103 1705 772 1784 maudotesteseoutradicuutiustrumcnto,
784 1709 872 1770 illud·
926 1707 1006 1786 torii,
1021 1715 1049 1770 et
1061 1707 1205 1780 extranei,
1220 1705 1290 1788 qui?
1303 1741 1343 1755 -
1362 1707 1515 1779 Quaritur
1529 1711 1564 1771 ll.
1581 1711 1640 1783 An,
1657 1711 1689 1771 et

104 1799 592 1880 quereprobautualutiialsum,
613 1821 667 1864 seu
682 1797 869 1864 invalidum:
926 1800 1058 1879 qualiter
1090 1819 1147 1882 per
1172 1804 1267 1864 testes
1296 1799 1565 1864 instrumentarius
1591 1799 1691 1881 possit

103 1892 177 1972 quis
190 1897 267 1954 tuuc
282 1910 343 1953 non
358 1891 498 1957 obtinent
510 1895 654 1957 eamdem
666 1896 740 1968 vim,
751 1894 872 1957 sedcoc-
925 1893 1164 1957 instrumentum
1186 1894 1360 1975 impugnari
1381 1911 1417 1954 ac
1440 1894 1621 1973 reprobarit
1652 1895 1690 1955 tlt

104 1987 178 2050 teris
193 1987 325 2067 paribus
337 1989 505 2066 prevalent
518 1994 621 2052 testes.
644 1991 752 2052 illoesa
770 2007 802 2050 ιι.
820 1989 870 2052 cit.
927 1987 1050 2050 additur
1072 1993 1231 2064 notanter,
1264 2011 1279 2048 ι
1310 2006 1367 2068 por
1384 1991 1479 2050 testes
1502 1987 1691 2050 instrumeu-

105 2082 126 2141 Ι.
141 2081 178 2143 ln
193 2077 380 2156 aereum
400 2079 505 2143 Abbas
527 2082 559 2144 d.
584 2073 611 2144 c'.
638 2081 714 2144 Cum
736 2082 870 2144 loannes.
926 2081 1043 2143 terius:
1065 2104 1080 2142 u
1102 2081 1206 2162 plures
1227 2081 1310 2143 euim
1327 2081 1607 2162 impraesentiarum
1620 2097 1690 2161 pos·

107 2191 138 2234 n.
152 2175 184 2234 5.
200 2173 235 2232 h.
250 2177 289 2246 t.;
304 2171 483 2234 Mascardus
505 2171 540 2236 de
562 2171 683 2236 Probet.
708 2177 817 2254 quaest.
841 2177 872 2236 6.
928 2178 1001 2237 sunt
1012 2193 1103 2237 casus
1115 2175 1273 2257 distingui.
1290 2175 1347 2238 Vel
1361 2176 1444 2238 euim
1459 2181 1553 2239 testes
1566 2175 1622 2251 illi,
1638 2177 1690 2255 qui

106 2283 241 2346 prooem.
257 2284 291 2328 u.
307 2269 356 2328 22.
373 2269 405 2328 et
418 2265 480 2327 ulii.
928 2266 1167 2330 instrumentum
1189 2269 1384 2350 impugnant,
1408 2274 1482 2333 suut
1504 2271 1692 2331 instrumeu·
1766 2266 1769 2272 '

146 2361 218 2422 289.
245 2358 340 2420 Testes
357 2357 472 2441 pierium
493 2357 581 2442 fidem
598 2358 713 2440 faciunt
725 2360 757 2422 in
774 2358 874 2421 mimi·
928 2361 1014 2438 tarii,
1029 2361 1090 2423 hoc
1109 2365 1167 2442 est,
1184 2361 1329 2442 descripti
1354 2363 1386 2425 in
1404 2363 1619 2438 instrumento,
1635 2379 1693 2424 seu

108 2451 223 2512 nutibus
236 2469 249 2513 .·
264 2452 457 2513 irutrumentu
471 2469 537 2514 uero
550 2453 656 2515 directe
677 2473 734 2536 non
747 2451 876 2534 probunt
929 2454 1066 2534 inscripti
1093 2453 1191 2533 (puta,
1220 2454 1246 2514 si
1272 2454 1305 2513 iu
1332 2455 1536 2517 instrumento
1558 2455 1690 2530 dicetur,

108 2547 228 2607 ermaem
249 2543 373 2606 Verbum
386 2544 471 2624 titis,
487 2565 543 2608 non
558 2547 752 2626 criminotern,
772 2549 822 2610 sed
835 2545 876 2608 ci·
928 2555 1118 2612 contractum
1134 2549 1268 2627 aliquem
1286 2546 1381 2610 tuisse
1402 2549 1593 2611 celebratum
1614 2567 1693 2629 pre-

108 2641 194 2703 uitrm
219 2655 338 2700 ccurom
366 2637 508 2721 deripuit.
536 2673 577 2688 -
611 2643 762 2717 Tueatur,
792 2640 877 2719 quod
930 2645 1069 2708 sentibus
1081 2642 1171 2718 Titio,
1191 2644 1265 2704 Gaio
1289 2647 1320 2704 ot
1340 2643 1465 2704 Audrca
1481 2641 1624 2720 testibus)
1638 2647 1693 2702 aut

108 2739 205 2796 testes
217 2733 346 2813 plenam
360 2731 454 2796 fidem
468 2733 583 2797 iaciant
601 2734 696 2797 etiam
719 2735 751 2795 iu
774 2734 877 2796 orimi·
930 2740 1024 2802 etiam
1037 2737 1094 2817 ipsi
1109 2735 1272 2816 subscripti
1291 2753 1298 2797 ι
1324 2735 1367 2799 uti
1390 2735 1425 2796 fit
1442 2735 1474 2794 in
1488 2733 1691 2796 testamentis.

108 2827 245 2900 nulibus,
260 2827 283 2887 l.
304 2825 410 2889 Sciunt
430 2827 536 2889 cuncti.
559 2845 587 2890 c.
611 2827 646 2890 de
665 2827 788 2891 Probat.
805 2845 876 2890 cum
929 2833 985 2894 Vel
999 2848 1062 2893 nou
1076 2833 1149 2892 sunt
1162 2827 1481 2905 instrumentarii,sed
1494 2827 1695 2908 impugnetur

108 2923 278 2996 similibus;
295 2921 501 2984 instrumente
513 2922 716 2984 verodirecta
730 2939 793 2983 uon
807 2940 877 3002 pro-
930 2927 1169 2988 instrumentum
1184 2942 1214 3001 a,
1241 2943 1255 2981 ι
1268 2923 1399 2984 testibus
1413 2923 1584 2995 oxmaueis;
1602 2943 1616 2982 n
1635 2921 1694 2982 hoc

110 3021 186 3081 bcnt
209 3017 329 3080 crimen
354 3035 361 3078 ι
386 3018 470 3079 uude
497 3017 530 3079 iu
550 3018 759 3082 criminalibus
781 3021 877 3082 testes
931 3027 989 3098 cst,
1006 3036 1068 3084 uon
1083 3018 1253 3098 descriptis,
1269 3021 1324 3078 eut
1337 3015 1518 3095 subscriptis
1533 3017 1565 3076 iu
1580 3015 1695 3077 iustru-

110 3109 318 3190 personaliter
331 3109 447 3172 debent
459 3108 544 3189 apud
554 3111 675 3190 judices
685 3121 876 3192 comparere,
932 3120 1049 3176 mento.
1084 3113 1185 3190 Atque
1213 3110 1252 3171 de
1272 3115 1405 3188 unoque
1427 3107 1554 3170 testium
1581 3123 1695 3188 genere

111 3205 206 3267 auth.
221 3202 318 3285 Apud
331 3201 601 3284 eloquentissimum.
624 3223 653 3266 c.
671 3205 704 3266 h.
720 3208 744 3267 t.
759 3223 797 3266 ac
810 3204 878 3268 iuss
932 3207 1063 3288 possunt
1074 3203 1180 3283 plures
1201 3220 1291 3265 casus
1310 3201 1446 3277 formari,
1472 3201 1511 3262 de
1532 3200 1644 3280 quibus
1664 3200 1696 3260 iu

111 3295 247 3360 ostendit
259 3297 349 3360 ioan.
368 3295 508 3357 Andreas
521 3313 589 3378 reg.
603 3317 618 3356 ι
634 3298 736 3362 Semel
745 3300 876 3361 malusn
932 3313 1110 3376 progressu,
1125 3293 1302 3373 incipiendo
1323 3312 1342 3354 a
1363 3291 1494 3355 testibus
1508 3291 1696 3354 instrumen-

112 3409 143 3452 ιι.
162 3393 195 3452 l.
217 3397 251 3454 ct
274 3407 361 3468 seqq.
385 3387 420 3450 de
437 3407 499 3471 req.
513 3391 584 3453 tur.
599 3391 631 3452 in
646 3395 676 3455 6.
692 3394 793 3470 Atque
807 3390 878 3454 ideo
932 3388 1028 3462 teriia,
1043 3389 1083 3450 de
1093 3387 1247 3450 extraneis
1257 3393 1362 3450 autem
1371 3386 1494 3468 agendo
1509 3385 1541 3448 in
1554 3384 1696 3466 sequenti

111 3483 161 3546 uel
174 3501 214 3544 ex
228 3483 289 3544 hoc
302 3481 402 3562 capite
412 3484 512 3563 major
518 3487 566 3547 est
574 3484 620 3546 vis
632 3485 768 3563 testium,
784 3502 879 3564 quiam
932 3481 1114 3563 quastione.
1131 3481 1219 3545 Unde
1231 3505 1239 3544 ι

112 3575 411 3648 instrumentorum,
436 3575 541 3655 quoad
564 3576 710 3639 effectum
736 3576 880 3640 uidelicet
971 3577 1040 3638 293.
1064 3574 1187 3650 Quando
1201 3581 1283 3636 testes
1296 3571 1638 3636 instrumentoriiodbuc
1651 3573 1696 3635 ui-

112 3667 268 3747 prebeudi
280 3669 313 3727 iu
327 3666 644 3742 criminalibusoucd
654 3671 754 3750 ipsum
763 3668 880 3732 iudicet
932 3666 1388 3748 sententiamsenitentiam
1410 3669 1613 3743 instrumento,
1633 3685 1695 3728 een-

112 3767 216 3824 textus
230 3779 269 3822 ex
282 3759 336 3824 cit.
351 3761 372 3822 l.
388 3760 606 3824 insumendis
619 3761 728 3835 litibus,
744 3767 816 3837 etc,
831 3780 880 3824 re-
932 3769 1011 3826 seber
1023 3758 1102 3822 istud
1114 3759 1228 3822 omnino
1241 3759 1362 3840 sebum.
1372 3761 1511 3839 -ltesp
1528 3762 1551 3822 Ι.
1568 3757 1697 3830 Quando

111 3855 212 3929 latus3
241 3871 316 3915 nam
341 3853 472 3916 verbum
494 3853 566 3934 litis,
591 3871 654 3916 non
674 3854 877 3932 criminalem,
933 3859 1028 3918 testes
1054 3853 1317 3926 instrumentum,
1349 3869 1406 3914 eeu
1429 3851 1634 3916 instrumento
1652 3851 1697 3911 iu·

109 3949 167 4010 sed
181 3947 304 4009 civilem
318 3965 445 4010 causam
463 3947 617 4030 designat,
637 3949 659 4012 l.
676 3950 750 4014 Lin'a
764 3961 877 4011 nomen.
933 3945 1037 4026 scripti
1051 3950 1105 4007 aut
1119 3945 1294 4025 subscripti,
1307 3943 1532 4016 adhesurum,
1543 3942 1697 4021 simulque

112 4039 146 4101 s.
160 4037 198 4101 de
215 4037 299 4102 Verb.
315 4038 418 4120 cquis.
933 4056 1043 4100 omnes
1056 4036 1261 4101 adversantur
1274 4038 1489 4115 instrumento,
1500 4035 1652 4114 diceutes,
1661 4052 1696 4096 se

152 4137 222 4196 290.
246 4131 438 4195 instrumenti
449 4132 604 4195 reluctat
621 4151 654 4195 eo
671 4151 770 4216 usqcoe,
792 4135 881 4200 donee
933 4150 996 4194 uon
1023 4130 1199 4194 interfuisse
1227 4130 1411 4194 comestioni
1438 4129 1533 4203 illius,
1562 4133 1617 4191 aut
1634 4145 1698 4188 uon

114 4225 233 4309 aliquid
238 4225 391 4308 probabile
404 4233 506 4288 contro
514 4225 591 4288 illud
599 4225 756 4306 effectur.
780 4259 821 4276 ·-
834 4228 882 4291 Ad
935 4244 1003 4291 esse
1030 4226 1073 4288 ita
1099 4227 1222 4303 actum,
1245 4231 1335 4304 prout
1356 4223 1478 4304 inipso
1499 4221 1696 4284 continetur:

115 4323 248 4383 alteram
261 4320 416 4382 rationem
429 4337 462 4382 n.
478 4323 545 4382 282.
559 4321 591 4382 iu
604 4321 792 4382 casuarium
805 4320 882 4383 alla·
935 4329 1008 4384 tuuc
1022 4319 1174 4399 ejusmodi
1187 4319 1426 4381 instrumentum
1439 4335 1503 4378 nou
1517 4315 1618 4376 solum
1630 4313 1699 4376 red·

116 4420 181 4476 tam
205 4411 333 4490 dicitur,
359 4411 460 4492 ipsam
482 4413 597 4474 babere
616 4413 736 4490 locum,
757 4415 882 4494 quando
936 4415 1019 4477 ditur
1032 4420 1221 4494 suspectum,
1237 4411 1582 4474 sedomuiuocsusetur
1593 4423 1699 4488 repro·

115 4513 226 4570 conus
248 4505 423 4580 variatam,
448 4523 504 4567 seu
523 4505 660 4568 valorem
674 4507 881 4584 instrumenti,
936 4507 1011 4568 bum
1025 4507 1057 4568 ct
1070 4505 1199 4579 falsum,
1216 4505 1274 4566 nisi
1296 4509 1392 4568 testes
1411 4504 1455 4566 illi
1469 4501 1611 4566 falsitatis
1625 4517 1698 4562 ccu-

116 4599 193 4661 uibil
206 4597 392 4662 rationabile
407 4599 591 4679 opponitur:
607 4599 684 4660 alias
698 4603 883 4664 secusNam
937 4599 1108 4664 vincantur.
1124 4602 1169 4662 lte
1182 4599 1381 4662 Innocentius
1394 4617 1422 4661 c.
1440 4596 1517 4662 Cum
1524 4596 1700 4659 Joonncaet

117 4694 216 4769 valor,
226 4692 476 4773 acpraerogetive
485 4691 680 4755 instrumenti
689 4698 750 4758 stat
758 4695 883 4774 quidem
937 4692 980 4755 ibi
992 4695 1082 4756 loen.
1093 4693 1233 4756 Androm
1247 4696 1317 4754 u.'l.
1335 4695 1367 4754 et
1379 4692 1485 4754 Abbes
1498 4711 1530 4754 ιι.
1548 4695 1597 4767 st,
1613 4693 1644 4752 h.
1660 4695 1698 4764 t.;

117 4805 155 4849 eo
177 4803 276 4867 usque
295 4785 397 4847 donec
411 4783 529 4866 aliquid
540 4787 712 4866 probabile,
729 4791 760 4851 et
773 4788 884 4852 rationi
939 4786 1109 4849 Bartolusl.
1124 4784 1162 4847 In
1175 4784 1351 4848 exercendis.
1364 4802 1397 4846 u.
1413 4785 1444 4848 3.
1460 4791 1492 4846 et
1510 4789 1540 4846 t.
1563 4803 1591 4846 c.
1611 4783 1644 4844 h.
1660 4787 1697 4856 t.;

118 4884 366 4941 consentancum
396 4883 504 4941 contra
526 4877 602 4941 illud
623 4879 716 4943 fuerit
739 4881 883 4957 allatum;
939 4879 1076 4960 Pirhiug‚
1091 4880 1191 4952 u.'ll;
1208 4871 1700 4939 Menochiusdedrbitrordudic.
1740 4881 1742 4886 '

117 4987 223 5050 secus,
239 4971 264 5032 si
277 4973 445 5052 postestas
459 4969 820 5052 probeturejuslalsitas,
831 4980 887 5036 aut
939 4974 993 5036 lib.
1009 4975 1045 5036 11.
1062 4990 1125 5034 cas.
1143 4975 1212 5046 ros,
1227 4989 1259 5032 u.
1282 4974 1313 5046 s,
1337 4970 1476 5051 allegans
1497 4967 1585 5029 elios.
1606 4968 1703 5044 ldque

118 5067 199 5128 alius
221 5063 364 5126 detectus
387 5063 607 5126 substantialis.
638 5065 714 5137 Quia
743 5065 837 5128 etiam
855 5064 888 5126 iu
941 5071 1027 5148 patet
1040 5083 1078 5126 ex
1092 5065 1144 5128 cit.
1160 5081 1188 5126 o.
1206 5062 1281 5127 Cum
1294 5061 1430 5125 Jeonnes.
1442 5064 1490 5122 10.
1505 5060 1539 5121 h.
1554 5065 1576 5120 t.
1593 5057 1646 5118 uhi
1659 5056 1704 5116 iu·

120 5157 334 5220 instrumentis
346 5174 440 5238 posse
453 5157 603 5220 committi
617 5157 794 5234 falsitatem,
803 5163 890 5238 patet
942 5164 1148 5224 struumeutum
1161 5157 1333 5238 publicum,
1349 5157 1382 5217 in
1400 5173 1462 5236 quo
1477 5149 1702 5227 continebatur,

120 5271 159 5314 cx
173 5253 224 5314 cit.
242 5269 269 5313 c.
289 5249 384 5312 Tertio
398 5249 468 5315 beo.
485 5249 520 5314 de
534 5251 660 5314 Probet.
677 5254 717 5315 Ut
730 5259 890 5316 taceantur
943 5253 1153 5316 venditionem
1176 5251 1338 5330 cujusdam
1361 5249 1472 5310 domus
1498 5262 1609 5326 puram
1632 5243 1707 5306 exti-

121 5343 174 5406 ntii
187 5341 329 5407 deiectus
344 5345 574 5420 substantiales,
591 5346 643 5425 qui
658 5345 690 5406 iu
704 5347 892 5409 instrumeu·
944 5349 1028 5426 tisse,
1045 5345 1229 5426 reprobatur
1241 5363 1299 5425 per
1313 5346 1446 5422 quatuor
1459 5345 1565 5414 testes,
1586 5337 1639 5417 qui
1654 5338 1708 5416 ju-

124 5435 164 5498 tis
185 5444 319 5516 possunt
340 5437 538 5515 intervenire,
561 5438 700 5520 illudque
721 5439 892 5505 inualidum
945 5442 1003 5504 mti
1026 5439 1238 5520 deposuerunt
1273 5455 1307 5499 ss
1332 5433 1508 5499 interfuisse
1535 5427 1707 5493 contractui

125 5527 271 5604 reddere,
286 5528 485 5594 coulcrmiter
498 5531 651 5632 hactenus
662 5533 759 5596 dictis.
946 5535 1008 5615 illi,
1031 5535 1183 5614 dictaeque
1206 5533 1317 5594 domus
1338 5527 1546 5591 uenditionem
1573 5521 1709 5586 extitisse

341 5653 374 5700 ιιι
1480 5635 1499 5694 9
