4064 6062
356 245 375 326 ξ
394 244 430 305 V.
453 243 503 304 llll
524 242 741 308 scansurus
761 239 951 318 PRIVATIS,
974 234 1184 306 anabaust
1206 229 1411 304 nulsione,
1432 227 1515 292 ETG.
1671 219 1728 283 103

144 393 218 444 uem
232 377 427 458 metendam
442 381 546 456 queat,
562 371 628 456 erg.
644 374 695 437 cit.
709 374 731 436 l.
745 373 862 438 Plures.
878 392 906 438 a.
962 389 1031 434 sam
1045 370 1078 432 in
1090 369 1112 430 l.
1129 365 1286 448 Erumpo.
1303 381 1330 426 c.
1347 360 1383 424 de
1396 359 1521 422 Probat.
1535 357 1595 420 illis
1608 357 1727 419 uerbis:

143 473 180 536 de
191 472 268 536 Fide
281 471 464 534 instrument.
967 461 1145 544 «Exemplo
1159 457 1368 540 perniciosum
1383 460 1439 527 est,
1460 457 1494 514 ut
1516 453 1545 514 ei
1568 447 1729 529 scriptura

183 569 253 630 131.
276 561 470 647 Syaprapbu,
484 560 626 646 111117-
645 581 659 620 a
678 561 906 642 syngraphas
964 557 1117 626 credatur,
1134 571 1197 632 qua
1211 547 1425 628 uuusquisque
1448 544 1506 606 sibi
1528 541 1730 606 annotatione

144 661 238 724 latine
254 658 449 740 Consecutio,
465 655 575 718 dicitur
588 655 639 718 illa
662 654 825 734 scripture,
841 671 911 732 quae
964 647 1090 732 propria
1103 645 1276 708 debitorem
1289 637 1456 702 constituit.
1472 633 1648 698 Concordat
1667 639 1732 694 tex·

143 757 174 817 in
189 753 321 832 abcujus
334 751 381 816 rai
393 750 487 812 fidem
503 747 537 812 lit
551 767 569 810 a
583 748 732 829 pluribus,
745 751 777 811 et
789 748 911 826 utrique
964 747 1015 808 tus
1029 743 1058 802 in
1074 741 1096 802 l.
1112 741 1168 801 ult.
1185 755 1212 798 c.
1228 733 1264 798 de
1282 727 1475 797 Conuenient.
1492 727 1557 809 fisci
1577 721 1728 788 aurato.

141 841 776 929 111111111111111111.1111111111
798 842 831 901 iu
859 839 914 902 Vo-
965 825 1114 900 lib.X.ihi
1132 851 1139 894 :
1161 827 1411 910 «iniquissimum
1426 841 1494 886 csse
1505 817 1729 901 perspeximus,

141 939 391 1020 mialariojuris.
408 958 437 1001 r.
454 937 646 1022 Spuprapba.
663 937 745 1013 Sive,
762 943 797 998 ut
813 933 914 1014 luqui-
966 935 1000 992 ut
1013 927 1072 990 sub
1085 925 1209 1008 propria
1223 919 1399 984 aquationis
1412 913 1732 992 mauuunusquisque

141 1039 193 1095 tur
207 1032 385 1112 Calcpinus,
401 1030 582 1112 syngrapha
605 1035 660 1092 est-
674 1028 835 1107 scriptura,
857 1043 911 1088 seu
966 1021 1025 1084 sibi
1039 1019 1132 1081 iaciat
1145 1017 1327 1079 debitorem.
1342 1032 1358 1071 o
1375 1011 1463 1072 Ratio
1476 1008 1569 1086 hujus
1579 1005 1662 1066 clere
1672 1005 1730 1080 cst,

140 1125 307 1198 schedula,
324 1142 393 1202 quar
410 1123 444 1186 111
465 1122 589 1203 propria
612 1139 708 1182 mauu
730 1121 914 1183 contraben-
967 1115 1039 1195 quia
1053 1111 1191 1191 alioquin
1206 1105 1379 1188 aperiretur
1391 1095 1600 1181 via'plurimis
1617 1097 1732 1160 baudi·

140 1221 234 1294 tium,
251 1219 292 1280 ad
306 1220 468 1300 pactorum
481 1215 585 1276 tidem.
602 1213 690 1279 Unde
710 1217 806 1292 patet,
831 1211 912 1292 quad
967 1208 1038 1282 bue,
1054 1225 1090 1268 ac
1104 1201 1270 1284 injustitiis,
1283 1200 1308 1262 ri
1323 1188 1732 1278 solapropriaaunotatioue

141 1314 315 1378 reducatur
348 1311 388 1372 ad
414 1310 567 1392 apocham
598 1309 772 1390 generatim
802 1324 915 1384 accep-
967 1305 1072 1384 posset
1085 1298 1154 1378 quis
1167 1297 1262 1358 alium
1277 1293 1334 1356 sibi
1348 1291 1522 1354 debitorem
1532 1305 1601 1350 csse
1610 1283 1734 1346 conuiu-

142 1415 221 1470 lam·
969 1413 1038 1458 cers
1052 1413 1060 1468 ;
1076 1393 1121 1456 sic
1136 1392 1219 1454 euim
1235 1395 1339 1469 posset
1349 1385 1478 1466 quilibet
1491 1398 1655 1462 perversus
1668 1378 1735 1458 plu-

185 1503 258 1564 135.
279 1499 368 1562 Liber
379 1499 537 1576 rationum,
552 1495 645 1580 quid?
658 1527 697 1543 -
721 1517 735 1556 ι
755 1495 847 1560 Liber
867 1515 917 1558 ra·
968 1489 1046 1552 rima
1061 1487 1092 1546 in
1107 1485 1154 1546 sui
1169 1485 1317 1558 favorem,
1331 1487 1361 1542 et
1374 1478 1506 1540 aliarum
1520 1472 1735 1554 prejudicium

144 1596 298 1658 tionum»
317 1595 365 1655 est
383 1593 533 1672 scripture
554 1592 686 1672 privata,
711 1609 805 1670 quam
828 1590 915 1669 quili-
970 1587 1128 1644 annotare.
1151 1577 1288 1652 Accedit,
1312 1573 1397 1653 quad
1418 1570 1545 1653 privates
1576 1567 1734 1644 scripturn

144 1689 200 1749 bet
215 1705 274 1748 sua
288 1689 397 1766 spouta
412 1686 451 1746 de
466 1684 556 1761 datis,
569 1691 600 1746 et
613 1685 760 1765 acceptis,
771 1683 830 1745 sibi
844 1703 916 1746 cou-
970 1676 1101 1756 ebcujus
1115 1691 1177 1736 non
1197 1672 1266 1752 plus
1287 1668 1400 1730 debeat
1422 1662 1518 1736 credi,
1541 1677 1636 1740 quam
1658 1657 1735 1718 rives

143 1779 223 1842 ficit.
239 1779 324 1854 Sira,
339 1783 373 1840 ut
386 1779 407 1840 l.
424 1778 537 1861 Siquis
550 1796 588 1840 co
610 1777 801 1859 argentariis.
816 1778 834 1858 ξ
857 1777 918 1840 aa·
970 1771 1039 1836 auci
1054 1769 1195 1851 ejusdem
1212 1787 1218 1827 :
1236 1765 1291 1826 scd
1305 1764 1330 1823 si
1346 1761 1415 1841 quis
1429 1757 1497 1820 riva
1510 1771 1587 1816 voce
1601 1751 1738 1830 depone-

145 1874 266 1935 ruuan.
280 1873 314 1932 ff.
330 1870 366 1932 de
378 1869 513 1945 11111111,
537 1871 672 1934 uritur:
698 1872 823 1932 anano
847 1871 919 1950 (hoo
970 1866 1020 1925 ret
1032 1879 1088 1942 uro
1102 1877 1135 1920 aa
1150 1857 1268 1930 nihil'ei
1290 1841 1683 1931 nemausiensibus.
1706 1857 1735 1902 0·

143 1971 208 2038 est,
232 1965 312 2028 liber
332 1963 500 2040 rationum,
523 1972 558 2028 ut
578 1963 710 2046 explicet
732 1966 840 2028 Glossa
861 1965 919 2027 ibi·
971 1955 1005 2018 dc
1020 1953 1125 2016 Tertia.
1141 1969 1226 2032 ergo.
1717 1962 1720 1970 ¹

145 2060 234 2136 dem)
263 2063 309 2122 cst
336 2057 416 2118 ultro
443 2058 581 2138 citroque
609 2058 703 2123 dandi
735 2057 917 2138 accipiendi,
1011 2052 1080 2110 139.
1103 2045 1194 2119 Adeo,
1218 2045 1358 2104 utalaam
1384 2039 1510 2100 rationes
1535 2030 1675 2113 defuncti,
1700 2028 1742 2090 od

146 2149 310 2222 credendi,
326 2148 495 2230 obligandi,
521 2149 660 2212 solvendi
680 2149 729 2212 sui
750 2168 844 2211 causa
864 2168 921 2212 ne·
970 2139 1166 2226 probationem
1185 2135 1242 2198 sibi
1265 2131 1368 2196 debita
1396 2125 1566 2211 quantitatis
1588 2124 1654 2185 solu
1682 2141 1740 2184 non

146 2242 292 2325 gotiatio.
309 2265 323 2302 o
342 2242 428 2316 Quod
443 2241 592 2324 intellige,
616 2242 741 2320 quaudo
761 2242 919 2322 scripturae
972 2233 1135 2317 sufficiant.
1164 2263 1203 2280 -
1230 2229 1269 2291 ut
1294 2228 1355 2288 hoo
1382 2223 1461 2286 adeo
1487 2236 1595 2281 rerum
1622 2223 1682 2294 est,
1707 2223 1741 2278 nt

146 2335 331 2416 hujusmodi
346 2334 544 2413 reperiuntur
557 2335 588 2395 in
612 2333 713 2396 forma
734 2334 873 2412 rationis,
890 2340 921 2397 et
973 2327 1114 2412 quamvis
1127 2340 1220 2386 nemu
1235 2323 1268 2382 in
1289 2317 1433 2382 extremis
1451 2313 1645 2388 constitutus,
1661 2327 1741 2390 pree·

147 2451 214 2494 non
229 2432 260 2492 in
275 2429 383 2508 ulique
404 2431 525 2492 tantum
548 2427 708 2501 schedula,
730 2427 779 2489 vel
802 2445 921 2490 11111111-
974 2427 1114 2486 sumatur
1128 2435 1196 2480 esse
1211 2415 1377 2475 immemor
1389 2427 1454 2470 suae
1476 2405 1607 2468 salutis:
1629 2402 1742 2464 nibilo-

148 2523 219 2584 riali
235 2526 381 2584 eunomia
398 2540 407 2583 ε
422 2539 496 2582 uam
519 2519 601 2584 istud
623 2537 687 2580 non
709 2527 846 2581 meretur
865 2538 922 2580 no·
974 2517 1077 2576 miuus
1094 2511 1269 2572 «Rationes
1283 2503 1431 2576 defuncti,
1443 2500 1555 2579 quain
1570 2496 1660 2560 bouis
1674 2496 1742 2575 ejus

148 2633 226 2676 men
241 2611 320 2675 libri.
350 2615 388 2674 Et
402 2612 479 2674 tales
491 2611 562 2673 libri
576 2612 731 2694 rationum
749 2611 922 2672 communi·
974 2608 1183 2689 reperiuntur,
1212 2601 1252 2664 ad
1279 2596 1496 2679 probationem
1529 2591 1588 2652 sibi
1629 2588 1741 2652 debita

150 2714 200 2768 ter
213 2703 390 2767 soleutfien‘
405 2723 423 2766 a
437 2705 602 2780 tutoribus,
614 2705 922 2784 curatoribus,atque
974 2699 1155 2785 quantitatis
1171 2697 1235 2758 sola
1249 2713 1311 2756 non
1327 2690 1491 2754 sufficiant.
1507 2683 1655 2767 Ejusdem
1665 2683 1744 2762 J'uris

149 2801 353 2880 negotiorum
366 2798 538 2861 abonorum
553 2798 738 2879 gestoribua,
755 2789 834 2860 sicut
856 2802 887 2860 et
904 2815 922 2858 e
976 2803 1033 2874 cst,
1050 2794 1108 2856 etsi
1122 2792 1153 2852 in
1168 2789 1276 2852 ultima
1286 2786 1443 2851 uoluntate
1454 2779 1744 2844 defunctuscertam

151 2892 392 2966 mercatoribus,
409 2897 440 2954 et
453 2892 643 2972 hujusmodi.
976 2887 1115 2970 pecuniae
1142 2881 1359 2965 quantitatem,
1383 2881 1437 2936 aut
1460 2873 1552 2936 ctiam
1573 2887 1624 2932 res
1644 2873 1745 2929 certes

193 2987 263 3050 136.
287 2984 488 3048 inventarium
498 2993 527 3047 ot
537 2985 669 3068 epr‘stola,
680 2981 923 3068 quial-Porro
976 2983 1035 3046 sibi
1057 2978 1162 3042 deberi
1186 2961 1404 3056 significaverit
1426 2988 1433 3032 ε
1456 2991 1471 3028 u
1497 2969 1591 3047 prout
1617 2964 1644 3025 is
1670 2960 1745 3044 ipsis

150 3078 323 3142 adlibrum
337 3078 670 3140 rationumcommude
685 3077 843 3139 reducitur
858 3077 926 3137 aln-
977 3073 1080 3137 verbis
1102 3069 1242 3133 decisum
1268 3066 1404 3128 habetur
1429 3062 1451 3122 1.
1476 3058 1624 3122 Rationes.
1651 3071 1679 3116 c.
1708 3052 1746 3116 de

153 3177 332 3240 scutarium
354 3175 527 3256 privatum,
552 3199 566 3234 a
593 3182 700 3254 utpote
727 3174 842 3255 pariter
868 3189 924 3234 suu
978 3165 1099 3231 Probat.
1122 3165 1315 3240 Quamquam
1338 3157 1370 3220 in
1393 3156 1452 3218 hac
1474 3154 1543 3233 ipse
1562 3148 1746 3214 auctoritato

153 3277 265 3352 sponte
280 3269 321 3332 de
335 3269 429 3332 rebus
442 3268 574 3349 propriis
588 3267 763 3332 contectura
779 3287 786 3329 :
803 3265 844 3330 ed
867 3268 925 3328 boc
978 3261 1059 3324 bene
1074 3257 1112 3320 sit
1125 3252 1363 3338 ponderandum
1377 3251 1420 3330 ly,
1438 3269 1453 3306 a
1479 3247 1551 3308 solae
1574 3261 1638 3306 uon
1661 3241 1747 3302 suffi-

155 3363 310 3439 ridelicet,
335 3364 370 3423 ut
392 3361 595 3441 imposterum
617 3362 750 3441 sciatur,
776 3366 925 3443 quantum
979 3357 1063 3420 ciant
1079 3374 1086 3415 :
1102 3377 1117 3414 u
1145 3348 1272 3424 etenim,
1294 3345 1377 3426 quod
1400 3337 1654 3406 concurrentibus
1677 3335 1746 3396 aliis

153 3479 193 3522 eo
207 3463 362 3536 tempore,
377 3456 426 3521 vel
440 3455 502 3534 die,
519 3475 580 3536 quo
595 3456 799 3531 scribebatur,
818 3456 849 3516 iu
871 3455 927 3516 bo·
979 3445 1174 3513 adminiculis
1188 3441 1345 3522 scriptura
1361 3437 1489 3518 privato
1504 3433 1598 3494 ctiam
1615 3428 1748 3510 probent

153 3553 204 3614 nis
230 3550 296 3612 suis
318 3553 500 3612 contentum
517 3547 619 3624 fuerit,
645 3549 778 3628 epistola
800 3547 927 3610 tandem
980 3545 1012 3606 in
1034 3539 1233 3605 commodum
1257 3531 1428 3606 scribentis,
1452 3528 1532 3591 inira
1555 3527 1574 3606 ξ
1600 3539 1689 3602 seqq.
1714 3540 1746 3582 n.

156 3649 205 3706 ⁰³3
220 3643 373 3724 scriplum
394 3641 524 3722 private,
549 3659 643 3722 quam
665 3641 733 3720 quis
756 3641 848 3718 about
872 3640 928 3704 ab·
981 3642 1050 3702 186.
1067 3639 1135 3699 181.
1153 3636 1185 3695 ct
1197 3648 1285 3710 seqq.
1301 3625 1433 3706 emplius
1447 3617 1666 3684 declarabitur.

155 3737 238 3800 senil
252 3734 358 3798 millii·
1022 3732 1090 3796 110.
1113 3725 1270 3806 Scriptura
1281 3721 1401 3804 priuata
1423 3715 1511 3778 alteri
1523 3720 1634 3776 autam
1654 3708 1746 3789 sacta,

197 3833 269 3892 l3'l.
294 3827 464 3909 Scrqotura,
475 3827 533 3889 siae
542 3827 764 3892 instrumentum
776 3826 929 3912 priuatum
981 3822 1069 3908 qun?
1082 3821 1155 3884 Hac
1168 3814 1345 3898 regulariter
1354 3810 1439 3892 plene
1448 3803 1555 3888 probat
1568 3809 1669 3864 contra
1677 3805 1749 3861 sarn-

156 3924 258 3988 adbuc
298 3921 452 4004 captata
484 3919 636 3985 diuiditur.
680 3953 719 3968 -
751 3921 844 4002 Resp.
876 3920 927 3982 III.
983 3917 1103 3980 bauran
1129 3943 1170 3958 -
1195 3907 1382 3986 «Scriptura
1396 3902 1516 3982 privata
1526 3894 1614 3958 altari
1629 3897 1750 3954 nutum

158 4019 322 4098 Scriptura
335 4015 467 4095 privata,
483 4013 546 4078 sive
567 4016 806 4076 instrumentum
828 4013 930 4093 priva·
981 4010 1092 4072 factes
1111 4004 1222 4067 dicitur
1235 4017 1284 4074 aa,
1301 4015 1397 4078 quam
1417 3991 1515 4055 iecisti
1538 3994 1644 4052 coum
1664 3991 1695 4049 te
1717 3986 1751 4046 iu

157 4116 249 4180 tum,
280 4108 383 4171 1111111
406 4106 564 4186 tripliciter
586 4107 754 4169 dividitur:
779 4125 853 4168 uam
875 4105 931 4166 ali-
984 4097 1181 4164 commodum
1197 4077 1749 4159 111111111111111111111111111οῶ,

156 4203 288 4286 quaudo
317 4201 393 4264 iacis
414 4201 596 4279 scripturam
617 4200 767 4280 priuatam
789 4201 844 4264 tibi
865 4207 931 4262 tan-
985 4197 1017 4258 in
1031 4211 1094 4274 qua
1108 4188 1273 4260 confiteris,
1289 4193 1319 4248 te
1334 4183 1448 4246 debere
1470 4177 1549 4240 titio
1564 4179 1688 4236 centum
1702 4187 1753 4258 ra·

158 4305 241 4368 tum,
257 4292 428 4372 aliquando
440 4293 493 4354 alii
507 4299 637 4368 11111111,
651 4294 816 4375 aliquanda
831 4293 933 4356 tibist
986 4291 1069 4352 tione
1084 4283 1194 4357 mutui,
1209 4285 1263 4343 aut
1275 4272 1465 4357 hujusmodi.
1487 4271 1526 4333 Et
1547 4265 1601 4332 tali
1622 4263 1753 4344 scriptu·

156 4388 282 4450 alii.lta
297 4385 537 4465 Speculatortit.
553 4387 860 4450 delaetrumantorum
874 4385 933 4450 edi-
986 4402 1029 4446 rac
1052 4377 1237 4461 regulariter
1259 4379 1373 4448 statur,
1397 4367 1552 4448 pleneque
1580 4377 1617 4421 ea
1643 4356 1755 4438 probat

158 4483 250 4544 tabae.
276 4481 295 4562 ἓ
317 4479 404 4544 Nunc
421 4478 584 4556 dicendam,
607 4501 638 4544 n.
662 4484 693 4543 t.
717 4487 827 4562 estque
849 4479 882 4540 in
899 4497 933 4542 re
987 4478 1095 4538 contre
1108 4471 1314 4539 scribentem
1331 4467 1423 4544 prout
1435 4457 1533 4538 liquet
1547 4470 1586 4514 ex
1606 4451 1630 4513 l.
1646 4447 1756 4513 Publia

158 4573 353 4638 wmmssssifl·
987 4567 1095 4632 Marcia
1108 4567 1126 4646 ᾗ
1140 4565 1193 4625 fin.
1210 4559 1340 4642 Depositi
1353 4576 1365 4618 .·
1379 4561 1473 4633 atquc
1488 4547 1620 4628 amplius
1634 4542 1756 4605 dicetur

204 4671 276 4732 138.
300 4665 459 4747 Scriptura
480 4666 599 4747 priuata
626 4665 680 4728 tibi
700 4673 814 4728 tantum
843 4663 934 4747 [octa
988 4661 1067 4724 inira
1081 4676 1114 4721 11.
1131 4658 1199 4720 tre.
1227 4655 1294 4715 l'lt.
1319 4654 1351 4712 et
1370 4663 1456 4725 seqq.
1482 4636 1640 4704 macodo
1664 4633 1757 4698 simul

158 4757 253 4846 qua?
264 4757 340 4820 Hac
352 4757 590 4839 rapulan'teraou
599 4758 708 4840 probat
720 4758 751 4818 in
760 4755 935 4820 commodum
990 4752 1140 4836 quasdam
1156 4747 1248 4827 hujus
1261 4741 1470 4804 limitationes.

159 4850 362 4918 scribentium.
379 4871 452 4910 -a
475 4851 632 4932 Scriptura
655 4849 772 4931 private
794 4850 848 4914 tibi
871 4852 937 4912 tau·
1032 4847 1099 4910 ttl.
1121 4841 1280 4922 Scriptura
1300 4833 1417 4916 priuata
1440 4829 1539 4892 111111
1560 4823 1648 4887 alteri
1664 4821 1757 4902 tacta,

162 4957 232 5010 tum
247 4945 372 5019 111111
395 4949 543 5006 censetur
556 4942 619 5021 illa,
640 4942 672 5004 iu
693 4960 755 5022 qua
778 4943 938 5024 quidpiam
991 4935 1075 5023 qna?
1093 4967 1133 4982 -
1165 4954 1179 4991 a
1206 4929 1363 5010 Scriptura
1389 4924 1510 5007 privata
1537 4918 1591 4984 tibi
1618 4922 1649 4978 et
1670 4907 1760 4975 elteri

163 5039 330 5117 scriptum,
346 5037 412 5100 sire
435 5039 619 5098 annotatum
640 5035 774 5098 habetur
795 5035 828 5097 iu
850 5042 938 5114 tuum
991 5034 1101 5095 factas
1120 5025 1313 5106 intelligitur,
1327 5022 1360 5082 in
1374 5036 1436 5098 qua
1450 5016 1553 5094 agitur
1565 5011 1605 5071 de
1625 5021 1761 5070 commo-

165 5131 318 5196 duutaxat
333 5129 533 5192 commodum
550 5147 557 5190 :
574 5133 608 5190 ut
631 5132 718 5210 puta,
743 5127 827 5208 quod
844 5127 940 5188 Titius
993 5126 1051 5203 do,
1075 5123 1240 5184 etdamno
1263 5119 1405 5197 1111111
1428 5125 1522 5191 quam
1544 5100 1695 5166 alterius:
1728 5099 1763 5159 ut

165 5231 303 5298 11111111,
320 5223 370 5286 rel
383 5225 507 5288 11111111
522 5221 575 5283 tibi
589 5222 714 5284 debeat.
730 5221 942 5301 [1111111111-
995 5224 1042 5282 est
1054 5216 1133 5278 liber
1147 5212 1314 5286 rationum,
1330 5207 1362 5268 iu
1377 5221 1438 5285 quo
1462 5199 1596 5263 habetur
1617 5195 1765 5254 annuum

165 5317 200 5380 di
214 5319 378 5398 scripturn
391 5313 577 5396 regulariter
590 5335 654 5378 non
666 5315 801 5398 probant
813 5313 845 5375 iu
859 5331 942 5375 com·
995 5312 1074 5374 ratio
1095 5309 1170 5387 deti,
1196 5311 1226 5368 et
1248 5301 1385 5382 acceptu
1401 5299 1476 5372 item
1496 5291 1574 5354 liber
1595 5283 1762 5356 censualis,

166 5411 299 5476 madum
314 5409 539 5476 scribentium:
564 5415 656 5490 prout
669 5409 801 5472 habetur
815 5425 942 5490 expres-
994 5422 1031 5468 ac
1054 5396 1245 5482 hujusmodi.
1270 5395 1309 5457 Et
1329 5390 1405 5453 haic
1436 5383 1593 5448 interdum
1615 5377 1763 5449 1111111111,
