4016 6056
765 197 982 263 ADNOTATlO
1001 197 1078 262 xxi.

131 336 262 404 perpetuo
282 329 365 389 unitis
381 328 602 406 'quibuscumque
623 333 741 389 eeclesiis
764 338 810 388 aut
831 332 896 388 locis

130 433 193 487 pus.

165 501 242 557 aVl.
257 502 280 557 A
293 502 444 558 abitatione
467 501 599 560 dictarum
622 503 795 588 eeclesiarum
818 517 896 574 paro·

130 583 261 640 chinlium
274 591 301 641 et
314 587 679 659 aliorumquarumcumque,
692 585 895 658 quomodolibet

130 675 328 742 exemptarum,
343 675 371 726 et
384 687 399 724 a
414 670 529 726 decretis
551 671 622 727 circa
644 669 801 728 earumdem
814 684 894 742 repe-

130 753 233 808 tionem
248 759 380 819 etcnram
393 755 556 810 animarum.

165 854 180 889 s
197 837 255 893 Vll.
270 836 422 893 Adeoratis
435 837 534 908 quibua
548 838 676 911 episcopi,
691 839 772 894 etiam
787 835 828 892 uti
843 835 893 892 Se-

129 919 172 976 dis
185 922 337 994 spostolicae
351 922 477 994 delegati,
498 930 600 995 cogam
620 928 739 978 rectores
761 921 893 977 ecclesia-

127 1019 192 1058 rum
213 1004 404 1076 parochialium
433 1014 480 1062 aut
504 1005 714 1080 baptismalium,
742 1005 776 1060 oh
799 1004 891 1078 populi

128 1088 362 1157 mummolinum,
377 1089 427 1143 sihi
442 1092 482 1143 tot
495 1088 646 1146 sacerdotes
666 1087 812 1160 adiungere
828 1092 893 1159 unat

127 1169 262 1226 sufficiant
275 1171 310 1226 ad
323 1179 550 1229 sacramentorum
565 1173 836 1241 administrationem,
846 1177 893 1227 aut

127 1255 238 1326 quibus,
261 1256 295 1311 ob
327 1273 408 1329 graue
435 1257 528 1330 populi
555 1257 757 1314 incommodum
784 1257 818 1311 ad
835 1256 893 1312 hac

126 1335 310 1410 percipienda,
338 1339 402 1412 ipsis
424 1343 504 1397 etiam
528 1343 627 1411 invitia,
650 1359 732 1397 noras
754 1338 892 1413 parochias

127 1425 296 1479 constituunt
309 1439 371 1480 cum
390 1426 569 1498 assignatione
592 1427 768 1500 competentis
791 1423 890 1496 portio-

127 1508 186 1578 nis3
201 1501 244 1562 vel
258 1509 357 1580 quibus
370 1510 478 1580 taudem
494 1512 528 1567 ob
544 1517 742 1585 paupertatem,
758 1517 785 1566 et
795 1512 825 1565 in
839 1525 890 1566 ce·

127 1592 192 1646 teris
206 1592 314 1648 casibus
327 1598 415 1668 ajure
431 1597 578 1668 permissis,
601 1602 729 1670 perpetuo
750 1596 802 1650 alia
824 1593 891 1650 sim·

126 1675 208 1749 plicia
221 1677 352 1735 beneficia
366 1683 472 1737 uniunt.

161 1781 176 1816 a
195 1762 264 1820 Vlll.
279 1766 303 1821 A
317 1763 489 1837 deputatione
502 1766 686 1840 coadjutorum
709 1772 757 1823 aut
777 1766 891 1822 vicario·

125 1861 189 1900 rum
203 1847 398 1918 parochialium
412 1851 586 1907 eeclesiarum
601 1851 635 1906 ob
650 1867 745 1908 earnm
755 1855 890 1906 rectorum

123 1930 316 1988 illitas-uturum
323 1933 366 1989 vel
374 1937 586 2007 suspensionem,
601 1941 648 1990 aut
663 1935 743 1990 etiam
761 1933 890 2005 priuatio-

124 2031 199 2084 nem,
215 2016 320 2089 quando
335 2020 447 2090 turpiter
468 2026 496 2076 et
509 2018 662 2075 scandalose
677 2020 781 2086 vivunt,
796 2017 819 2072 si
833 2032 891 2071 mo·

124 2100 176 2153 niti
190 2099 386 2175 incorrigibiles
397 2111 578 2176 perseverant.

160 2183 275 2240 slli.A
298 2187 469 2243 translatione
496 2189 693 2246 beneficiorum
721 2184 889 2259 simplicium

123 2266 208 2321 etiam
219 2269 443 2341 jurispatronatus
456 2287 489 2327 aa
503 2273 626 2329 Ecclesiis
636 2272 770 2344 collapsis,
781 2285 840 2341 quae
855 2268 889 2323 ob

123 2350 244 2422 inopiam
258 2355 375 2425 reparari
396 2361 546 2427 nequeunt,
566 2358 594 2412 in
612 2355 737 2412 matrices
754 2356 802 2408 aut
824 2352 889 2408 alias

124 2435 256 2492 Ecclesiae
278 2453 340 2494 cum
354 2439 482 2495 omnibus
495 2441 688 2497 emolumentis
702 2444 731 2495 et
743 2438 888 2509 oneribus3

122 2521 223 2575 sumtis
233 2523 265 2576 iis
278 2539 395 2594 qnorum
409 2525 520 2582 interest
535 2542 542 2580 :
559 2533 586 2582 et
599 2543 614 2580 a
628 2524 743 2580 decretis
765 2523 889 2594 cogenti·

121 2605 176 2659 bus
197 2611 333 2678 patronos,
357 2614 484 2680 rectores,
504 2609 675 2665 beneficiatos
695 2612 740 2663 aut
754 2603 889 2679 parochie·

122 2709 173 2748 nos
187 2692 221 2748 ad
239 2696 461 2751 restaurationem
486 2698 660 2753 ecclesiarum
680 2693 888 2767 parochialium,

121 2785 227 2832 servata
241 2779 330 2836 iorma
341 2779 461 2837 Trident.
476 2797 543 2837 sess.
553 2779 619 2850 lllll,
634 2797 692 2852 cap.
707 2795 754 2834 vu.

158 2881 172 2916 a
189 2865 222 2920 ll.
236 2865 259 2920 A
272 2867 403 2944 censuris,
419 2866 631 2939 sequestratione
653 2873 681 2920 et
704 2863 887 2920 subtractione

119 2946 259 3003 fructuum
283 2956 374 3006 oontm
396 2967 488 3008 curam
504 2951 654 3008 animarum
677 2949 807 3006 habentes
834 2964 888 3004 non

121 3031 284 3090 residentes.

158 3133 172 3168 a
192 3115 237 3172 lll.
258 3119 282 3172 A
306 3115 493 3190 denegatione,
513 3121 693 3188 revocatione,
713 3117 887 3189 suspensione

118 3199 163 3254 vel
190 3203 357 3258 restrictione
391 3202 522 3258 iaculmis
555 3201 682 3258 audiendi
716 3201 886 3258 secularium

118 3283 304 3342 contessiones
318 3292 409 3342 contra
421 3287 571 3345 sacerdotes
585 3303 640 3344 uon
652 3286 783 3359 parochos
801 3285 884 3342 etiam

118 3369 266 3442 regulares.
902 3383 903 3390 ¹

152 3472 167 3507 s
186 3454 240 3510 llll.
253 3458 278 3511 A
292 3455 422 3512 divisione
437 3473 485 3512 seu
500 3454 672 3512 distinctione
685 3453 887 3526 parochiarum,

118 3553 269 3609 earumque
295 3540 463 3596 institutione
490 3539 518 3594 in
539 3537 649 3596 titulum
661 3542 738 3611 juxta
751 3538 884 3606 Trident.,

116 3638 185 3677 sess.
198 3623 288 3693 silit,
302 3623 334 3679 ds
346 3622 474 3696 Reform..
489 3639 547 3696 cup.
562 3639 622 3690 xus,
636 3623 682 3680 ubi
698 3622 830 3696 parochiae
844 3622 884 3678 vel

115 3711 205 3762 certos
225 3723 279 3762 non
295 3707 395 3765 habant
407 3709 486 3778 flues,
500 3725 554 3780 que
568 3705 601 3762 de
616 3723 694 3764 causa
708 3723 803 3763 earum
821 3723 882 3762 ree·

116 3797 190 3848 tores
216 3794 369 3864 promiscue
390 3794 545 3866 petentibus
568 3797 731 3851 sacramenta
753 3792 883 3850 adminis-

114 3880 199 3944 trant,
213 3877 257 3932 vel
271 3877 353 3933 nulla
367 3878 430 3934 sint.
523 3921 529 3934 .

152 3980 167 4016 s
183 3961 253 4018 lllll.
277 3966 301 4020 A
322 3963 496 4038 deputatione
510 3965 651 4035 aconomi,
665 3970 788 4036 tempore
802 3981 882 4037 parc·

115 4047 212 4104 chiulis
225 4049 351 4106 Ecclesia
372 4053 498 4122 vacantis,
527 4052 597 4106 sicut
619 4055 647 4106 et
673 4048 707 4105 ah
735 4048 882 4105 indictione

115 4146 275 4202 concursus,
289 4134 418 4190 relatione
433 4135 645 4191 examinatorum
657 4138 683 4188 et
697 4131 882 4205 praelectione

114 4219 143 4272 et
157 4217 308 4287 provisione
323 4217 438 4292 episcopi
455 4221 484 4275 in
496 4217 592 4275 eodem
606 4233 747 4296 concursu.

149 4317 166 4354 s
180 4299 247 4355 lllll.
261 4303 287 4357 A
299 4300 416 4357 decretis
433 4305 525 4360 eontra
537 4299 669 4357 habentes
683 4299 806 4371 publicas
828 4299 881 4356 leo-

113 4385 214 4455 tiones,
228 4401 331 4442 necnon
343 4385 559 4458 predicationem
574 4385 649 4440 verbi
662 4383 709 4440 liei
727 4384 784 4438 siue
797 4381 881 4439 licen-

113 4469 152 4522 tia
166 4469 293 4542 episcopi,
308 4471 390 4525 eiiam
403 4487 420 4524 a
433 4468 603 4542 regularibus
626 4466 654 4522 in
671 4465 766 4522 alienis
787 4467 880 4524 Eccle-

112 4553 173 4622 aiis,
188 4555 257 4609 etin
275 4555 330 4610 suis
352 4571 407 4612 uon
425 4555 507 4627 petita
524 4555 582 4625 ejus
595 4550 792 4620 benedictione,
803 4551 880 4622 juata

113 4639 224 4694 constit.
240 4639 387 4696 Clementis
399 4639 432 4711 ll,
446 4637 575 4712 Superas.

148 4743 164 4778 a
181 4724 235 4780 liv.
248 4733 273 4782 A
285 4725 399 4782 decretis
413 4725 484 4790 cirea
496 4723 650 4780 clausuram
665 4721 827 4778 monialium
848 4737 879 4778 ac

112 4811 283 4882 punitionem
302 4809 520 4883 delinquentium
538 4810 567 4865 in
580 4824 641 4864 eam
654 4812 683 4864 et
695 4823 820 4880 personas
834 4807 878 4862 in-

112 4901 156 4950 tra
168 4909 229 4950 eam
243 4894 382 4968 degentes.
397 4893 464 4952 ltem
487 4895 559 4950 circa
580 4908 693 4950 examen
714 4907 762 4964 pro
784 4908 878 4964 appro-

110 4979 220 5038 batione
247 4981 292 5038 rel
313 4980 501 5054 reprobatione
524 4979 747 5038 confessariorum
767 4994 877 5034 aarum·

111 5064 186 5134 dem,
202 5072 255 5122 um
269 5067 470 5124 ordinariorum
490 5083 571 5139 quum
593 5063 875 5126 extraordinariorum.

111 5153 141 5203 et
155 5155 210 5204 tana
223 5143 393 5206 taedulum
411 5167 494 5224 quam
512 5149 680 5223 regularium
704 5146 877 5221 quomodoli-

1653 199 1710 261 cll

948 329 1096 399 ministros,
1110 333 1164 384 tam
1177 345 1226 402 pro
1240 327 1312 384 mala
1325 327 1555 386 administratione
1568 344 1652 401 quam
1665 344 1713 401 pro

948 415 1086 472 reddenda
1101 415 1215 488 singulis
1229 415 1305 470 annis
1326 413 1462 471 honorum
1482 414 1596 482 ratione,
1615 431 1647 469 ao
1666 413 1715 470 de·

949 517 1025 556 mum
1035 501 1106 556 circa
1115 513 1348 571 quorumcumque
1358 497 1713 554 illarumollioialiumamo·

949 586 1060 654 tionem,
1075 587 1177 640 servata
1189 583 1274 640 forma
1288 582 1378 655 quoad
1391 582 1529 655 regulares
1539 585 1567 637 et
1575 586 1714 656 exemptos

948 668 1144 726 mustitutionis
1158 667 1280 740 Gregorii
1294 666 1348 736 XV,
1362 663 1542 722 tmanatala.
1651 730 1654 738 ,

982 771 997 806 a
1013 751 1078 808 liVl.
1093 756 1117 809 A
1131 752 1270 824 pastoralis
1288 750 1440 807 visitatione
1463 750 1586 806 diaecesis
1600 755 1628 806 et
1641 765 1711 823 pre·

947 835 1040 892 sertim
1061 835 1287 892 monasteriorum
1309 832 1573 904 commendatorum,
1591 834 1711 892 abbatia-

946 937 1024 990 rum,
1045 922 1211 993 prioratuum
1233 925 1261 976 et
1286 919 1522 992 praepositurarum
1527 957 1538 987 ,
1562 917 1712 991 inquibus

946 1021 1001 1062 non
1017 1006 1091 1078 viget
1109 1006 1241 1079 regularis
1255 1005 1437 1074 observantia3
1452 1019 1555 1060 necnon
1564 1003 1711 1060 beneflcio-

945 1105 1008 1145 rum
1021 1094 1076 1146 tam
1090 1094 1244 1146 curatorum
1258 1106 1339 1162 quum
1353 1105 1407 1146 non
1420 1093 1585 1154 curatorum,
1599 1088 1711 1144 wenla-

944 1174 1016 1230 rium
1031 1180 1058 1232 at
1067 1175 1246 1246 regularium,
1260 1174 1496 1247 qualitercumque
1508 1171 1709 1230 commendato-

946 1275 1017 1330 rum,
1028 1260 1109 1316 etiam
1120 1261 1501 1332 exemptarum3proutetiam
1510 1259 1544 1314 ab
1553 1258 1710 1316 executione

945 1359 1040 1400 eorum
1053 1361 1114 1417 quse
1128 1345 1156 1400 in
1167 1345 1223 1416 ipsa
1232 1342 1382 1400 visitatione
1396 1341 1531 1412 mandata,
1547 1341 1652 1398 decreta
1664 1345 1712 1398 ant

942 1426 1184 1501 judicatugiuerint3
1201 1444 1306 1484 necnon
1320 1428 1473 1484 similiterc
1493 1419 1710 1501 quibuscumque

945 1511 1060 1568 decretis
1073 1518 1101 1568 et
1113 1512 1318 1586 provisionibus,
1334 1513 1415 1567 etiam
1429 1517 1506 1568 entra
1518 1511 1708 1580 visitationem,

945 1612 993 1668 pro
1005 1597 1206 1653 conservatione
1214 1599 1257 1652 val
1271 1597 1437 1670 reparatione
1451 1595 1639 1651 ecclesiasticas
1652 1593 1710 1651 dia-

945 1681 1060 1753 ciplina,
1074 1681 1163 1754 quoad
1177 1683 1271 1752 vitam,
1295 1697 1385 1737 mores
1403 1687 1430 1736 et
1449 1680 1618 1736 honestatem
1642 1695 1710 1751 quo·

944 1781 1125 1837 rumcumque
1148 1765 1319 1834 clericorum,
1340 1765 1449 1840 ,larana
1464 1763 1708 1833 commessationes,

944 1849 1067 1922 choreas,
1088 1851 1175 1923 lusus,
1197 1851 1354 1920 crimina,et
1374 1851 1511 1907 secularia
1537 1851 1644 1921 negotia
1665 1850 1709 1906 lu·

944 1935 1042 2006 gienda
1060 1942 1141 2008 atque
1166 1933 1300 2005 evitanda,
1316 1939 1393 2008 juxta
1416 1935 1494 2008 plura
1516 1934 1623 1990 decreta
1645 1933 1708 1992 dicti

944 2017 1012 2072 ascri
1025 2017 1136 2073 Consilii
1150 2023 1178 2073 et
1191 2019 1339 2090 prasertim
1352 2033 1418 2074 sess.
1436 2017 1469 2072 Vl
1482 2015 1513 2074 ds
1526 2015 1639 2089 Reform
1648 2034 1706 2092 cap.

945 2117 982 2170 vv,
997 2117 1062 2158 sess.
1077 2101 1144 2172 x111,
1159 2119 1219 2174 cap.
1236 2119 1260 2172 1;
1275 2119 1342 2160 sess.
1356 2103 1424 2171 llltl,
1439 2119 1498 2175 cap.
1510 2117 1551 2173 1v;
1566 2104 1708 2174 sess.lllll,

943 2200 1002 2256 oap.
1017 2201 1079 2241 vrrs:
1102 2203 1168 2242 sess.
1185 2185 1270 2255 llllll,
1293 2203 1351 2259 cap.
1374 2203 1383 2241 1
1405 2193 1432 2242 et
1449 2190 1705 2260 cap.v1u;atsess.

942 2267 1029 2336 xxii,
1045 2285 1104 2342 cap.
1120 2285 1151 2337 κς
1168 2268 1201 2324 ad
1220 2269 1335 2324 formam
1350 2274 1441 2324 umen
1455 2267 1627 2325 decretorum
1638 2287 1707 2326 sacr.

942 2351 1160 2423 Congregationis
1169 2354 1367 2425 episcoporum,
1377 2351 1412 2407 de
1421 2352 1546 2409 mandato
1554 2369 1612 2410 san.
1621 2369 1707 2411 mem.

942 2435 1090 2493 Clementis
1103 2438 1161 2507 Vll,
1176 2439 1312 2493 editorum
1325 2453 1394 2492 anno
1411 2439 1489 2494 luco.

976 2538 990 2573 s
1013 2520 1089 2576 llllll.
1105 2525 1129 2578 A
1142 2520 1258 2578 decretis
1273 2521 1431 2594 cogentibus
1439 2528 1622 2595 praesentatos,
1636 2523 1708 2580 elec·

942 2605 1038 2659 tesval
1052 2607 1203 2661 nominatos
1217 2623 1232 2660 a
1249 2605 1388 2679 quibusvis
1410 2606 1592 2664 ecclesiasticis
1613 2624 1706 2680 perso·

941 2688 993 2756 nis,
1008 2689 1088 2744 etiam
1099 2689 1175 2746 Sedis
1187 2691 1339 2762 apostolica
1353 2691 1466 2758 nuntiis,
1482 2691 1517 2748 ad
1527 2707 1555 2748 se
1565 2692 1706 2765 subjician-

940 2769 1007 2827 dum
1020 2771 1136 2828 examini
1150 2773 1359 2845 ordinariorum,
1374 2783 1518 2850 autequam
1532 2777 1706 2836 instituantur

941 2862 968 2914 et
981 2860 1186 2916 confirmentur.

976 2943 1098 3001 allVlll.
1113 2949 1136 3003 Δ
1150 2944 1328 3020 denegatione
1355 2946 1532 3019 promotionis
1554 2945 1588 3003 ad
1617 2963 1705 3006 sacros

941 3024 1050 3082 ordines
1072 3034 1100 3082 et
1121 3046 1138 3083 a
1161 3030 1336 3103 suspensione
1359 3035 1543 3103 susceptorum
1556 3031 1591 3088 oh
1604 3032 1707 3090 crimen

940 3112 1075 3168 occultum
1091 3114 1147 3169 aive
1160 3130 1193 3169 ex
1207 3115 1352 3170 informata
1365 3115 1537 3170 conscientia.

974 3213 988 3248 a
1004 3194 1068 3252 xlx.
1081 3202 1105 3254 A
1119 3198 1274 3268 praefixione
1288 3199 1399 3255 termini
1409 3215 1458 3270 pro
1469 3199 1608 3272 punitione
1619 3216 1703 3273 regu-

938 3277 1001 3334 laris
1016 3282 1140 3354 episcopo
1154 3299 1209 3336 non
1222 3283 1349 3354 subiecti,
1371 3282 1490 3356 degentis
1508 3283 1578 3338 intra
1591 3284 1704 3340 daustra

939 3360 982 3416 vel
995 3368 1080 3431 extra,
1092 3365 1209 3433 notorie,
1224 3363 1378 3420 scandaloso
1385 3363 1576 3436 deliuquentia,
1583 3365 1704 3423 iacienda

938 3461 1016 3500 asuo
1032 3448 1181 3520 superiore,
1196 3454 1224 3503 et
1236 3464 1286 3521 pro
1310 3449 1403 3505 notitia
1431 3449 1578 3521 punitionis
1604 3451 1701 3525 huius-

938 3530 1012 3587 modi
1025 3534 1149 3606 episeopo
1164 3533 1262 3590 danda.

972 3617 1056 3674 silli.
1070 3619 1094 3674 A
1108 3619 1238 3687 censuris,
1263 3619 1376 3693 aliisque
1394 3621 1590 3693 provisionibus
1610 3626 1703 3679 contra

937 3701 1152 3772 concubinarios,
1166 3709 1194 3760 et
1208 3705 1290 3762 etiam
1304 3711 1397 3762 contra
1410 3704 1560 3764 damasus
1573 3707 1702 3766 mulieres

936 3791 1071 3857 suspectas
1085 3784 1160 3843 domi
1173 3795 1220 3844 eut
1233 3793 1316 3844 extra.

970 3867 1104 3928 aldtus
1131 3873 1279 3946 privatione
1298 3876 1431 3949 privilegii
1459 3876 1512 3934 iori
1536 3881 1563 3933 et
1584 3876 1701 3935 decretis

936 3961 1029 4010 contra
1043 3957 1154 4014 clericos
1167 3975 1221 4015 nun
1238 3959 1392 4016 incedentes
1399 3961 1428 4016 in
1437 3959 1530 4018 habitu
1543 3949 1570 4018 et
1580 3966 1699 4033 tonsure,

936 4048 964 4097 at
977 4043 1071 4099 inaliis
1086 4045 1192 4101 casibus
1205 4061 1222 4100 a
1236 4043 1357 4102 ludent.
1372 4047 1533 4122 prescriptis
1546 4063 1612 4104 sess.
1631 4047 1698 4116 XIV,

935 4141 994 4199 cap.
1009 4143 1035 4182 vv
1049 4133 1077 4184 et
1090 4145 1156 4186 xxru
1171 4130 1203 4187 ds
1217 4129 1332 4202 Reform.
1405 4204 1408 4210 Ι
1642 4201 1646 4212 ,

970 4211 1078 4272 a'lixil.
1093 4215 1135 4272 Ab
1148 4219 1338 4290 approbatione
1359 4223 1387 4274 et
1405 4218 1593 4292 reprobatione
1615 4219 1698 4292 patri·

934 4298 1028 4368 monii,
1042 4301 1177 4372 pensionis
1190 4306 1238 4357 aut
1250 4301 1387 4374 beneficii,
1399 4302 1488 4376 quoad
1500 4302 1699 4378 promovendos

934 4381 968 4436 ed
980 4398 1067 4438 sacros
1080 4384 1199 4442 ordines.

967 4486 983 4524 s
999 4468 1089 4525 lllllll.
1103 4475 1128 4527 A
1142 4471 1328 4528 mavocutione
1335 4472 1443 4544 capituli
1450 4471 1559 4529 iacuah
1573 4475 1697 4546 episcopo

932 4568 981 4625 pro
996 4552 1171 4613 deliberando
1185 4556 1275 4630 aliquo
1289 4559 1396 4631 negotio
1412 4575 1474 4614 cum
1488 4563 1550 4615 voto
1564 4560 1695 4632 capitula-

932 4637 1015 4708 rium,
1038 4639 1072 4696 sd
1092 4640 1175 4714 ipsius
1197 4646 1288 4698 umen
1312 4643 1356 4699 vel
1382 4657 1495 4700 suorum
1522 4643 1695 4700 commodum

932 4738 987 4779 non
1000 4732 1145 4796 spectante.

965 4811 1123 4870 »xiim
1141 4813 1255 4872 decretis
1282 4815 1353 4870 eirca
1378 4813 1584 4872 couversionem
1609 4815 1694 4870 tertia

930 4897 1013 4968 partis
1041 4915 1276 4974 quorumcumque
1306 4907 1485 4974 proventuum
1507 4907 1536 4957 et
1554 4900 1693 4956 obventiod

930 4997 1007 5049 num,
1024 4989 1079 5038 tam
1093 4983 1253 5059 dignitatum
1266 5002 1349 5058 quam
1366 4987 1571 5044 canonicatuum
1592 4991 1620 5042 et
1631 5002 1694 5058 per·

930 5074 1086 5140 senatuum,
1099 5072 1254 5142 portionum
1269 5072 1694 5130 etoiliciorumiudistributiouas

929 5153 1109 5224 quotidianas,
1124 5172 1273 5228 earumque
1287 5156 1444 5214 &vidonem
1462 5151 1535 5213 iuter¹
1550 5155 1694 5230 dignitates

109 5234 158 5290 het
177 5241 376 5309 exemptarum,
395 5238 477 5292 etiam
500 5252 549 5309 pro
572 5235 734 5291 monialibus
749 5233 877 5306 subjectis
929 5236 1081 5298 obtinentes
1094 5241 1200 5298 etalioa
1208 5240 1306 5298 divinis
1326 5242 1514 5299 interessentes
1527 5241 1556 5296 in
1569 5240 1694 5300 Eccleuu
1789 5261 1795 5274 ·

109 5316 209 5378 iisdem
223 5322 408 5396 regularibua3
436 5322 515 5380 sicuti
543 5325 571 5378 at
598 5325 692 5380 conca
714 5316 875 5377 earumdem
929 5323 1128 5388 cathedruibm
1140 5330 1169 5385 et
1182 5325 1342 5400 collegiatis,
1360 5324 1388 5382 iu
1406 5326 1505 5410 qubus
1526 5325 1609 5384 aula
1629 5329 1693 5382 suut
