4016 6056
785 299 1001 368 annotant)
1020 301 1109 366 Lvu.
1684 309 1743 371 ote

156 442 243 502 Bouix
255 441 410 514 opinionem
424 455 501 498 anem
514 437 784 514 oupertnndamento
805 437 918 512 hujusne
972 435 1083 492 inionem
1096 435 1265 511 exeipiantnn
1280 437 1473 494 renovationes
1495 438 1525 494 in
1546 453 1658 512 oorpore
1668 439 1741 514 juria

155 528 282 586 ehuenta
296 528 360 584 'uon
381 526 505 590 adiuuit,
519 527 591 583 bene
604 541 668 583 nero
681 528 710 584 et
722 529 827 582 tantum
840 541 921 598 anper
972 523 1081 593 otanaee,
1104 523 1138 580 de
1162 524 1260 596 quibua
1273 525 1302 580 in
1316 541 1374 598 oep.
1388 527 1416 592 2,
1431 521 1468 582 Da
1477 524 1561 600 proi.
1576 526 1604 582 in
1618 529 1645 582 o.
1660 531 1738 582 eto...

154 613 183 687 ty
202 611 382 683 wniaotaot,
396 617 424 670 et
441 614 470 688 ly
483 609 632 686 eonfereedi
641 616 802 686 potentoteeo
973 607 1076 666 Probus
1090 611 1119 666 in
1138 607 1231 667 Addit.
1245 609 1279 665 ad
1295 609 1392 668 toaun.
1406 609 1536 667 monaoin.¹
1545 613 1573 668 in
1588 627 1646 683 ιιι).
1661 609 1738 668 Pror-

190 699 259 756 ttnio
272 699 357 771 igitur
377 697 504 755 oteuouln
525 696 718 754 adherendum
745 702 777 754 nt
802 698 920 755 rotantur
972 695 1057 759 neoti·
1075 693 1113 752 lie
1133 694 1214 770 officio
1238 693 1317 770 topoti
1339 695 1368 750 in
1389 699 1416 752 o.
1439 699 1531 752 tamen
1551 695 1631 752 tacite
1644 713 1740 752 amnu-

154 785 266 856 qnaeetio
279 783 314 840 do
328 799 382 856 qna
395 783 494 855 agitur.
510 783 621 856 Oportet
633 783 770 856 inquirere
794 801 918 858 queenam
972 779 1039 836 dum
1064 795 1129 837 enm
1150 781 1339 854 intelliguntur
1375 786 1527 854 exeeptae...
1570 778 1742 854 (Gooeerdoto

153 869 256 925 tuerint
269 867 463 924 reeermtiouee
475 867 547 940 apud
562 884 622 938 noa,
636 869 744 942 rigente
757 868 918 926 concordata
971 867 1041 923 inter
1059 865 1181 924 ιιιιιίιι.
1195 864 1229 923 D.
1243 863 1280 922 N.
1296 865 1352 924 ΡΡ.
1367 865 1510 926 deonna...
1522 865 1636 934 rotat.»
1652 865 1740 932 Quid-

154 950 307 1008 Leonemii
324 951 396 1006 inter
417 956 446 1006 at
467 949 638 1007 Franciaoum
656 951 667 1007 1
688 952 765 1007 inito.
787 952 870 1008 Porro
892 953 921 1008 in
972 952 1039 1025 quid
1048 953 1093 1022 ait,
1111 952 1146 1010 de
1155 953 1223 1009 iaoto
1234 953 1429 1009 reservationea
1442 955 1519 1009 erant
1531 949 1684 1008 munina.

152 1035 280 1108 pradioto
294 1033 453 1092 oonoordeto
467 1034 569 1108 tegitur
582 1036 624 1092 tit.
640 1033 921 1094 tV.iiereaerootioai·
1007 1035 1061 1094 Sed
1079 1043 1204 1110 anpereat
1224 1039 1311 1111 metor
1333 1036 1486 1105 ditdonttna,
1511 1041 1573 1092 ante
1600 1035 1738 1108 regiminio

154 1120 202 1178 tes
214 1119 334 1191 witotia,
348 1120 386 1176 ibi
402 1135 410 1175 τ
428 1119 588 1176 «Volumus
600 1137 709 1194 quoqne
722 1124 750 1178 et
763 1121 920 1179 ordinemne
973 1123 1199 1193 immutationem,
1222 1129 1252 1179 ut
1273 1122 1361 1179 rerbia
1381 1121 1530 1180 Gordinelie
1557 1120 1639 1193 legati
1665 1125 1738 1191 utar,

153 1204 227 1280 qnod
243 1206 272 1262 iu
293 1221 389 1278 regno,
408 1204 570 1277 Detpirinntu
594 1210 621 1261 et
644 1207 772 1262 eomitatn
793 1205 920 1280 prndio-to
973 1205 1069 1262 eadem
1092 1221 1147 1262 non
1164 1209 1221 1262 erat
1238 1204 1355 1262 conditio
1369 1204 1512 1276 regionum
1526 1207 1553 1260 et
1565 1203 1688 1260 tonorum
1702 1203 1737 1261 de

153 1290 257 1366 (Dianai
270 1305 302 1346 ao
314 1289 506 1362 valentinensi)
526 1304 581 1346 non
603 1288 703 1346 dentur
716 1289 813 1362 aliqum
827 1290 919 1364 gratim
973 1290 1072 1362 quibua
1085 1289 1205 1363 loquitur
1219 1289 1292 1347 idem
1306 1287 1449 1346 nundinatio
1470 1286 1585 1361 legetur.
1608 1287 1737 1354 Οιιιιᾱιιιι

153 1376 336 1450 expectatum,
350 1391 381 1432 eo
394 1374 523 1446 apodiatas
531 1374 574 1430 rel
582 1375 721 1448 generales
728 1377 921 1432 meemtionea
973 1376 1097 1449 regionea
1111 1373 1277 1432 oonoordetia
1292 1375 1373 1431 etiam
1385 1373 1466 1428 uariis
1488 1372 1655 1446 regebantur
1677 1372 1736 1430 eliee

153 1458 188 1516 ad
201 1465 326 1515 raoeturo
337 1457 467 1516 benefloie
480 1473 529 1529 per
547 1473 598 1514 noe
611 1461 639 1514 et
651 1456 749 1514 Sedem
763 1457 919 1530 prndiotam
973 1459 1080 1518 vinonio
1094 1460 1234 1518 atriotioria
1244 1457 1404 1516 obedientie
1417 1474 1482 1531 ergo
1497 1457 1594 1515 Sedam
1609 1457 1736 1530 apostoli·

152 1559 208 1600 non
230 1543 310 1615 flant3
334 1547 362 1599 et
382 1543 405 1598 ei
423 1541 457 1599 de
470 1541 539 1598 iaetu
553 1558 603 1616 per
617 1543 858 1616 importunitatem,
872 1546 920 1600 ant
971 1563 1030 1603 eam
1044 1547 1154 1603 irretito
1169 1544 1329 1615 manehont3
1347 1543 1412 1618 quid
1435 1543 1524 1615 jnriei
1543 1558 1605 1598 eum
1620 1544 1737 1616 prulen-

153 1627 230 1698 alina,
244 1643 260 1682 ι
272 1625 351 1682 nobie
364 1631 392 1682 at
403 1625 602 1683 auooeaaoribua
616 1627 713 1684 noemia
727 1631 759 1683 et·
767 1625 836 1684 Sede
849 1643 918 1700 prte-
971 1632 1032 1688 deto
1046 1633 1078 1690 li.
1094 1631 1188 1701 Bouix,
1203 1631 1254 1687 too.
1270 1631 1317 1686 eit.
1327 1627 1544 1702 reapondendum
1558 1626 1665 1684 ridetur
1678 1627 1737 1684 hmo

154 1713 225 1770 diota
238 1711 423 1770 emouererint
435 1711 494 1768 ittae
507 1709 594 1768 urim
608 1715 635 1768 et
648 1713 741 1768 inanes
753 1727 811 1769 eene
826 1711 919 1768 deoar-
971 1721 1070 1790 punota
1081 1715 1165 1772 nostri
1182 1715 1252 1788 turia
1267 1711 1460 1771 eonoondatnrii
1481 1727 1535 1768 non
1556 1727 1635 1784 ponne
1657 1712 1737 1768 enitt-

153 1797 254 1852 nimua.
277 1815 291 1850 n
317 1793 389 1851 illud
416 1799 496 1865 eaput
525 1791 706 1852 Volumnio
729 1795 921 1868 interpretatur
971 1799 1074 1854 aienter
1082 1796 1229 1870 expleueri‚
1244 1795 1295 1850 uisi
1309 1795 1468 1852 interreniat
1481 1794 1622 1867 ipsiusmet
1630 1799 1738 1867 oporto·

153 1879 249 1936 Petrus
262 1878 412 1936 liebutina:
425 1895 441 1933 ι
454 1877 606 1935 Notnndum
620 1881 661 1936 eat
673 1881 703 1936 in
717 1879 802 1936 tribua
815 1881 919 1937 omibua
970 1882 1029 1943 lion
1040 1881 1117 1939 Sadie
1131 1880 1283 1938 deoleretio.

154 1963 244 2021 adnuo
256 1965 377 2036 permitti
392 1963 618 2039 (retornationoe),
632 1967 721 2037 primo
735 1964 840 2020 retione
855 1965 918 2036 tooi,
1007 1964 1159 2023 Notandum
1167 1963 1325 2038 qnodaupra
1334 1961 1442 2018 nullam
1450 1961 1559 2018 teoerim
1570 1961 1736 2019 mentionem

154 2053 248 2120 utpote
261 2047 368 2120 quando
382 2049 411 2103 in
430 2050 503 2105 ouria
522 2055 618 2106 ruent
638 2047 785 2123 (bmetioia)
807 2066 867 2123 oap.
890 2051 919 2121 2,
972 2051 1139 2124 deprmdioto
1151 2051 1352 2120 otenrnle,eum
1360 2053 1485 2122 ageretur
1497 2047 1532 2104 de
1539 2047 1737 2104 eanonioatibue

154 2131 193 2190 oe
212 2133 296 2206 prot.
324 2133 352 2188 in
382 2133 409 2190 d.
439 2133 555 2192 mundo
582 2135 686 2192 ratione
713 2151 845 2208 pereunte,
873 2140 921 2192 eut
972 2137 1096 2209 qnieauh
1110 2135 1219 2193 nomine
1240 2135 1435 2192 benedoiornm
1449 2133 1577 2190 tirenum
1592 2147 1667 2202 eura,
1681 2131 1736 2188 aire

154 2215 312 2274 eitiuialium
333 2214 407 2273 Sedia
429 2218 590 2290 apostoliea),
612 2217 919 2294 annonarium,
972 2221 1115 2290 aineoura,
1134 2235 1189 2278 non
1209 2220 1322 2276 veniunt
1348 2217 1517 2276 eanonioatue
1535 2217 1564 2271 et
1588 2215 1737 2288 proaertim

155 2299 277 2374 niaijure
283 2300 500 2373 regatimoent...
511 2303 589 2358 tertio
604 2301 918 2370 nuononenotoiorum,
973 2307 1144 2364 eanonieatue
1163 2303 1369 2362 oattnedralium.
1384 2301 1425 2361 Ct.
1440 2301 1601 2369 eanoniatae,
1614 2303 1652 2368 et,
1667 2299 1690 2355 oi
1703 2298 1738 2353 ii·

155 2389 249 2458 utpote
263 2386 286 2440 ai
300 2385 482 2460 aintmejorea
495 2384 641 2462 diguitatea
654 2391 683 2446 et
703 2387 756 2444 etin
778 2389 919 2460 benefloia,
972 2391 1072 2460 buerit,
1086 2391 1119 2447 D.
1142 2388 1283 2460 Peltetier,
1310 2386 1361 2446 Dea
1383 2385 1510 2462 nepteo
1531 2383 1737 2444 commemo

156 2467 193 2526 de
219 2469 318 2542 quibua
342 2470 370 2526 in
397 2471 474 2528 titulo
492 2472 614 2545 proximo
639 2488 754 2546 supra...
792 2475 826 2532 Et
859 2473 922 2533 tineo
974 2473 1085 2547 droooe,
1099 2489 1159 2548 oep.
1173 2489 1213 2530 nx.
