4016 6056
256 209 326 284 ι,6Ιο
907 201 1206 268 inaurationis.

490 335 693 395 incarnato
710 335 796 392 XXIV.
1082 356 1097 392 n
1115 341 1174 392 tum
1187 335 1261 392 illius
1278 338 1337 391 acta
1351 335 1459 392 luorum
1471 336 1628 392 confirmata
1649 351 1666 390 a
1692 333 1802 390 liicclao
1816 334 1850 403 t,

284 481 342 540 aa.
357 479 394 554 r,
413 482 466 548 rs·
489 480 723 556 irritasse
747 497 776 540 a·
790 479 855 547 ³³¹.
868 497 932 556 ro·
948 479 1013 539 sn.
1083 419 1698 576 :trainiacensis
1710 421 1853 560 iiiiii

1086 589 1249 645 »Praeterea
1269 595 1379 646 nonest
1398 605 1494 644 aarum
1511 587 1583 660 qnod
1598 589 1627 642 in
1649 587 1723 642 dicto
1738 585 1853 642 comitio

1085 671 1145 730 aid
1158 672 1241 728 luerit
1267 671 1411 730 delinitum
1437 673 1487 729 sed
1511 672 1600 728 solum
1624 671 1793 727 declaratum
1806 686 1856 742 pro

302 759 407 815 »Circa
420 758 628 830 appellationem
642 758 672 813 in
684 758 771 814 causis
780 756 1032 828 matrimonialibus,
1086 756 1263 812 »schismatis
1286 761 1419 829 tempore,
1438 757 1506 813 dnm
1529 758 1671 829 ignoratur
1692 757 1755 827 quis
1776 770 1858 810 seras

270 843 330 899 ride
344 842 472 916 disposita
496 859 513 898 a
540 841 684 900 Benedicta
698 843 753 900 lllll
767 844 873 900 constit.
897 840 945 898 Dei
958 841 1034 898 mise
1085 859 1101 897 a
1117 842 1155 896 sit
1169 839 1256 914 Papa3
1281 858 1346 896 nam
1358 841 1393 898 ad
1416 841 1568 898 Concilium
1587 841 1740 897 universale
1752 838 1782 894 id
1795 853 1860 910 per·-

268 928 377 985 rotiocc.
1088 943 1104 981 a
1119 927 1185 981 tinet
1198 925 1345 983 declarare.
1360 929 1399 982 lta
1418 926 1517 982 llarirss
1530 927 1610 995 alter,
1625 931 1694 996 part.
1711 924 1742 993 V,
1756 922 1810 977 lib.
1824 921 1859 992 V,

303 1030 318 1066 a
335 1012 410 1067 Circa
436 1010 642 1082 appellationem
669 1012 703 1068 ab
730 1011 907 1069 irrationabili
930 1011 1032 1084 judicio
1086 1026 1173 1082 scip.
1188 1027 1208 1080 r,
1222 1009 1292 1082 disp.
1308 1011 1341 1082 33
1354 1011 1494 1081 bellarm,
1505 1011 1554 1067 lib.
1567 1011 1620 1080 XX,
1635 1009 1668 1067 de
1681 1006 1861 1066 Concilium

268 1093 397 1167 ordinarii
411 1094 499 1166 quoad
522 1095 706 1169 praeficiendos
733 1096 931 1169 parochialibus
945 1096 1033 1152 eccle-
1087 1113 1102 1148 a
1118 1092 1280 1164 amiatae,
1295 1111 1354 1167 cap.
1377 1111 1424 1152 xix
1438 1098 1467 1152 in
1488 1097 1559 1166 tins;
1585 1096 1677 1166 liaris,
1690 1095 1724 1152 ds
1739 1091 1861 1159 lssisd„

269 1179 324 1244 siis,
338 1177 398 1233 ride
411 1177 539 1250 disposita
552 1178 702 1249 abeodem,
716 1178 900 1238 cambucae
915 1177 991 1236 ittae
1003 1180 1035 1236 Et
1087 1197 1102 1234 a
1117 1184 1186 1252 part.
1202 1179 1248 1247 ΙΙΙ,
1264 1196 1322 1253 cap.
1338 1197 1404 1250 xvir,
1419 1197 1448 1237 n.
1462 1185 1490 1238 7.
1505 1201 1520 1237 a

269 1260 338 1316 absa
355 1267 526 1333 praesentatos
553 1263 657 1320 eisdam
680 1263 797 1320 ecclesiis
824 1281 840 1319 a
862 1265 991 1336 patronis,
1007 1269 1035 1320 et
1122 1281 1137 1318 a
1154 1263 1203 1319 llic
1216 1265 1325 1320 emersit
1337 1266 1494 1339 proscriptio
1508 1267 1643 1337 mouentis
1654 1265 1860 1338 propositionis,

268 1344 474 1417 appellationem
492 1346 674 1419 interpositam
694 1347 727 1403 ab
749 1364 803 1404 uno
824 1347 949 1404 exiliatis
964 1364 1033 1420 prae·
1088 1346 1117 1400 in
1144 1344 1238 1402 ordine
1272 1349 1488 1420 propositionum
1519 1347 1594 1405 llell
1628 1350 1701 1404 inter
1730 1347 1796 1404 alias
1825 1347 1860 1402 ab

270 1428 378 1485 sentatis
399 1429 457 1501 qui,
480 1446 508 1486 se
530 1429 680 1503 digniorem
694 1433 857 1489 existimarit
877 1437 905 1488 et
926 1432 1035 1505 postha-
1088 1429 1237 1487 Alesmdro
1260 1431 1318 1489 Vlll
1337 1432 1485 1504 damnatas,
1499 1433 1574 1490 diei
1595 1432 1745 1490 decembris
1760 1434 1860 1488 soso:

269 1513 342 1568 bitus
355 1511 417 1582 luit,
431 1513 492 1569 ride
505 1531 630 1588 responsa
651 1516 754 1572 laudati
769 1515 908 1574 Benedicti
922 1516 958 1574 ad
971 1533 1035 1590 pos·
1091 1513 1214 1572 alatilia
1227 1521 1255 1572 et
1264 1518 1342 1572 toties
1352 1519 1479 1574 convulsa
1488 1523 1529 1574 est
1542 1519 1654 1573 assertio
1669 1516 1704 1573 de
1718 1516 1862 1574 Pontificius

271 1595 354 1664 tulum
373 1595 565 1670 archiepiscopi
594 1599 755 1668 Placentini,
783 1605 909 1657 conserua
934 1601 963 1656 in
977 1603 1036 1672 ejus
1088 1601 1234 1656 allamani
1253 1617 1334 1674 supra
1356 1603 1502 1658 concilium
1520 1601 1720 1658 aecumenicam
1740 1598 1863 1654 motari·

271 1679 382 1751 epistola
397 1677 512 1736 Redditis
529 1679 612 1739 cobis.
1087 1701 1102 1736 a
1121 1689 1186 1751 tate,
1201 1691 1282 1756 atque
1294 1685 1323 1739 in
1337 1684 1402 1740 fidei
1415 1685 1609 1758 questionibus
1626 1682 1801 1740 decernendis
1817 1683 1864 1736 in-

305 1764 631 1836 uCiraaappellstiouem
644 1783 693 1840 pro
714 1767 837 1824 nullitate
863 1768 1036 1841 professionis
1088 1763 1335 1838 imbrium»
1373 1767 1514 1841 indigente
1551 1767 1864 1823 excommunicationem

271 1848 413 1919 regularis,
426 1848 489 1905 side
502 1856 586 1906 const.
601 1850 688 1924 ejusd.
704 1853 848 1920 Pantilicis,
864 1851 897 1908 Si
908 1851 980 1908 dcto.
1089 1850 1147 1921 ipsa
1160 1849 1228 1906 iacto
1243 1852 1442 1918 incurrendam,
1463 1852 1541 1924 Papa
1559 1858 1732 1922 reservatam,
1759 1851 1789 1904 in
1806 1850 1863 1906 do-

304 1949 319 1984 r
336 1930 412 1987 Circa
423 1934 629 2005 appellationem
642 1953 658 1990 a
670 1935 768 1992 damno
783 1935 854 2004 dato,
875 1937 936 1992 ride
951 1943 1035 1994 const.
1090 1941 1191 2005 centes,
1206 1935 1394 2008 defendentes,
1401 1937 1514 1994 edentes
1527 1936 1626 1993 fficiam
1634 1937 1863 2010 propositionem,

271 2017 402 2086 eiusdem.
427 2035 474 2074 seu
494 2025 562 2076 matu
581 2019 695 2094 proprio,
715 2019 868 2078 laesusota.
886 2021 1034 2094 (dissidas,
1090 2027 1136 2076 aut
1151 2020 1186 2077 de
1200 2039 1242 2092 ea,
1265 2023 1347 2078 etiam
1370 2023 1528 2095 disputative
1552 2021 1661 2094 publice
1673 2027 1721 2076 ant
1734 2021 1863 2092 privatim

271 2099 460 2174 Expositisr.
471 2104 584 2177 postis„
598 2110 667 2178 part.
683 2107 704 2175 l,
720 2112 785 2162 scot.
801 2107 875 2178 308).
890 2126 905 2162 a
1090 2108 1232 2162 bastantes
1248 2107 1300 2161 nisi
1313 2105 1403 2161 forsan
1417 2103 1622 2178 impugnando;
1638 2104 1801 2178 probibente
1815 2105 1862 2158 in-

305 2189 407 2260 Legant
420 2190 574 2259 canonista,
598 2190 668 2246 circa
689 2190 881 2262 appellationes
900 2191 929 2245 in
951 2191 1037 2246 causis
1090 2205 1171 2261 super·
1189 2191 1215 2244 in
1229 2191 1328 2244 virtute
1347 2197 1444 2246 sancta
1467 2190 1640 2260 obedientia,
1660 2197 1688 2246 et
1701 2190 1751 2246 sub
1767 2191 1861 2243 inter·-

272 2274 521 2341 matrimonialibus,
537 2273 734 2330 destructionem
747 2273 779 2330 ds
801 2275 889 2330 cassis
904 2276 1036 2330 matrim-
1090 2275 1237 2330 minatione
1271 2273 1355 2332 dirini
1381 2275 1494 2347 judicii,
1521 2275 1597 2330 illam
1622 2292 1640 2329 a
1667 2290 1805 2348 qucquam
1829 2273 1862 2328 in

272 2357 389 2428 cialibus
402 2357 436 2414 od
458 2358 664 2432 maiadicsat
682 2359 913 2416 emissiosticorars
934 2359 1038 2433 imperii
1091 2359 1196 2430 praxim
1224 2357 1335 2415 dadum.
1368 2357 1494 2433 (Ecpcsit.
1517 2358 1577 2431 iss.
1596 2358 1710 2432 postis,
1735 2364 1806 2432 part
1838 2361 1862 2426 Ι,

272 2442 416 2505 saraae.
432 2443 465 2499 ad
479 2445 589 2500 calcem.
604 2447 664 2502 Aet.
692 2449 717 2499 et
740 2443 834 2500 decret.
853 2442 963 2501 Consilii
973 2459 1037 2517 prc-
1093 2449 1158 2498 sect.
1174 2443 1274 2516 dodi.»

271 2528 342 2583 sisic.
361 2526 523 2598 luccensis,
545 2547 615 2586 anno
640 2533 707 2587 t858
722 2531 859 2599 celebrati,
875 2530 1038 2586 Vindobona

272 2630 305 2670 ex
319 2613 425 2668 officina
443 2617 509 2672 Cas.
537 2632 595 2688 reg.
625 2615 801 2689 typographia
822 2617 890 2671 aula
905 2620 934 2672 et
955 2620 1037 2670 status

274 2701 391 2769 iccata
404 2701 444 2756 4⁰.

312 2785 511 2858 aNats,inqnit
531 2787 665 2854 Giraldus,
681 2803 744 2844 cum
762 2789 900 2844 Romanus
914 2786 1038 2843 Pontifex

273 2871 342 2928 nulli
355 2871 383 2924 in
399 2871 476 2925 terris
483 2870 566 2942 judici
580 2872 716 2944 subjectus
731 2874 775 2944 sit,
790 2873 897 2944 penitus
914 2871 1039 2928 interdic·

274 2961 328 3012 um
342 2971 399 3010 asse
412 2955 618 3027 appellationem
632 2957 664 3013 ab
678 2961 737 3030 ejus
750 2957 889 3014 sententiis
902 2963 930 3012 et
947 2955 1038 3012 decre-
1244 2987 1277 3026 nn
1295 2987 1330 3028 rrs
1342 2982 1389 3034 aar
1403 2988 1497 3029 sarrs
1511 2988 1571 3029 arsa
1584 2989 1708 3031 ianuar.

273 3043 307 3096 tis
320 3039 354 3095 ad
371 3039 494 3096 laturum
515 3043 639 3114 generale
653 3044 807 3113 concilium,
822 3047 882 3096 tum
898 3058 914 3097 a
929 3041 976 3098 SS.
990 3043 1040 3097 Ca·

273 3125 387 3180 nauibus
395 3121 474 3180 Nesso
481 3124 526 3194 io,
535 3124 654 3182 Aliorum
662 3124 707 3195 ΙΙ,
714 3123 797 3182 Facto
806 3124 850 3195 15,
858 3121 914 3197 Ipsi
921 3129 983 3179 suat
994 3123 1038 3194 16,
1131 3135 1146 3172 11
1158 3119 1285 3183 Quamvis
1299 3119 1407 3176 rubrica
1424 3119 1505 3193 hujus
1523 3122 1603 3190 tituli,
1619 3121 1656 3178 lis
1670 3123 1773 3179 obruis
1782 3139 1869 3197 pers·

273 3225 346 3264 caua.
362 3211 405 3279 ΙΙΙ,
420 3217 513 3282 quast.
530 3211 546 3266 3
556 3229 566 3283 ;
585 3218 645 3266 tum
666 3229 681 3266 a
708 3213 755 3266 Pio
778 3213 801 3268 ll
826 3216 909 3265 coast.
923 3207 1040 3265 Kamsa-
1092 3201 1270 3277 pmmctibss,
1286 3213 1414 3278 concepta
1427 3207 1462 3261 sit
1481 3206 1621 3262 dumtaxat
1640 3207 1675 3262 de
1698 3209 1820 3276 clericis,
1838 3212 1869 3264 in

274 3290 344 3358 bilis,
362 3294 597 3365 repausamus
617 3303 645 3353 et
671 3293 741 3352 lulio
757 3297 790 3358 ΙΙ,
813 3301 900 3350 const.
920 3291 1040 3365 Suscepit
1092 3289 1173 3344 allata
1184 3295 1275 3345 umen
1287 3288 1417 3346 decretali
1431 3290 1605 3365 Concursate
1627 3309 1705 3366 eque
1725 3294 1806 3350 laicis
1834 3311 1869 3351 ac

278 3380 358 3450 tjul.
373 3381 450 3448 icat.
473 3397 526 3452 qua
544 3381 721 3439 confirmatur
734 3381 803 3438 dicta
828 3386 912 3435 const.
927 3376 1041 3434 Eremo-
1092 3377 1326 3449 peregrinantibus
1339 3377 1373 3432 ad
1388 3377 1746 3451 liminadpostolornm,rel
1761 3384 1870 3438 uelis

277 3459 348 3532 bilis,
376 3465 524 3536 supplendo
550 3482 661 3526 amnem
688 3467 823 3524 delectum
851 3465 1039 3532 solemnitatis,
1094 3477 1174 3521 causa
1187 3460 1220 3517 ad
1234 3460 1333 3518 Sedem
1346 3463 1537 3535 apostolicam,
1552 3464 1627 3522 idem
1645 3467 1805 3522 maceditur
1822 3467 1870 3522 ia·

276 3550 358 3606 stism
372 3551 559 3622 publicationis
582 3553 651 3609 torta
679 3555 796 3623 omissa,
819 3548 979 3606 declarando
998 3550 1042 3605 in·
1094 3561 1151 3601 ror.
1167 3547 1198 3602 ln
1212 3562 1244 3600 ea
1258 3547 1342 3618 igitur
1355 3551 1447 3602 statuit
1460 3548 1583 3604 Pontifex
1590 3554 1621 3603 ut
1629 3553 1873 3622 peregrinantibus

276 3635 385 3707 saper§
403 3636 682 3709 Vlappellantes,non
696 3645 783 3696 totam
797 3638 853 3710 ipso
869 3635 938 3691 lacto
952 3637 1041 3690 iocur-
1094 3631 1200 3703 iterque
1213 3629 1355 3686 addeum
1369 3631 1466 3689 Sodcm
1482 3634 1674 3705 arripientibus
1694 3635 1750 3692 litis
1772 3653 1871 3706 mun,

276 3737 337 3776 rere
351 3737 442 3793 pmnas
456 3723 484 3777 in
497 3740 528 3779 ea
543 3723 666 3792 indictas,
691 3721 975 3780 excommunicationis
990 3723 1042 3777 sci·
1094 3731 1143 3787 pro
1172 3714 1367 3772 introducenda
1392 3724 1439 3773 aut
1465 3718 1652 3792 prosequenda
1672 3720 1872 3793 appellatione,

279 3807 342 3861 licet
368 3807 448 3878 Papa
460 3815 610 3872 reservate,
626 3811 648 3864 si
672 3811 726 3865 sint
747 3810 897 3882 singulares
910 3823 1040 3880 persone,
1095 3799 1159 3855 boos
1173 3815 1317 3873 saeuaque
1332 3802 1421 3859 eidem
1445 3802 1508 3860 Sedi
1531 3820 1586 3860 non
1608 3803 1873 3872 commendemini»

278 3889 413 3947 interdicti
428 3907 503 3961 raro,
517 3893 890 3966 siunirersitates,sedetiam
904 3891 1043 3948 habendos
1095 3883 1188 3938 omnia
1200 3884 1307 3958 integra
1327 3892 1418 3944 tamen
1441 3888 1570 3944 cenanda
1591 3890 1646 3945 sint
1664 3897 1702 3960 et,
1728 3889 1752 3944 si
1779 3888 1876 3944 ablata

278 3991 337 4032 asse
351 3993 400 4048 pra
413 3977 486 4032 seris
499 3983 526 4034 et
542 3978 700 4036 indubitatis
713 3978 888 4035 schismaticis
901 3981 928 4033 et
950 3975 984 4032 de
999 3991 1043 4031 aa·
1096 3967 1208 4036 luerint,
1223 3969 1401 4028 issflfflllffldfl·

279 4060 378 4116 thalisa
392 4061 445 4118 ilde
459 4063 530 4119 male
543 4064 731 4133 sentientibus,
743 4079 811 4136 quas
824 4077 917 4136 paenas
925 4061 1044 4118 extendit
1132 4051 1224 4108 >²1¹aess
1238 4053 1384 4112 Decretalis
1396 4055 1525 4128 ampliata
1552 4062 1593 4114 est
1618 4075 1636 4112 s
1662 4057 1741 4113 balla
1765 4057 1793 4112 itt
1822 4057 1874 4114 dia

279 4145 410 4200 etism-ad
424 4161 470 4202 eos
484 4147 532 4218 qui
549 4147 726 4217 deusserint,
744 4145 938 4214 consuluerint,
952 4144 1042 4200 decla·
1096 4137 1181 4193 Caura
1190 4137 1300 4194 Domini
1311 4139 1365 4212 tegi
1378 4141 1873 4212 solite,addenteexcommuniaatia-

279 4228 405 4299 mrsrint,
427 4233 602 4286 autaliorum
625 4231 695 4288 diota
708 4231 921 4305 approbareriut,
935 4234 981 4285 aut
994 4245 1042 4284 ra·
1097 4239 1172 4293 nem,
1187 4224 1451 4296 asperrumum,
1466 4230 1494 4282 in
1511 4231 1705 4284 nocumentum
1718 4226 1873 4282 stimantes

280 4329 341 4369 aem
355 4312 479 4370 dederint
490 4321 519 4370 nt
532 4313 567 4371 ad
585 4316 706 4371 incanam
725 4316 872 4374 Concilium
897 4303 1043 4371 universale
1097 4309 1258 4380 Romipstis,
1272 4311 1386 4384 aliisque
1399 4312 1435 4368 ad
1449 4314 1552 4369 curiam
1567 4312 1717 4368 Romanam
1731 4311 1871 4369 acoedn·

281 4415 297 4454 a
310 4399 381 4470 Papa
393 4401 525 4471 appellere
539 4402 628 4471 liceat,
639 4403 732 4474 possit,
747 4408 775 4458 et
787 4401 893 4456 debeat.
1098 4394 1180 4460 abus,
1197 4395 1240 4450 rol
1253 4395 1291 4451 ihi
1301 4399 1529 4454 commorantibus
1538 4399 1582 4454 vel
1591 4397 1654 4453 inde
1663 4396 1873 4463 rtoedettiibttss·

314 4502 329 4538 r
346 4485 402 4540 Sub
415 4485 509 4542 eadem
523 4503 602 4560 paena
624 4485 906 4544 excommunicationis
934 4491 962 4540 st
985 4502 1048 4550 res·⁴
1098 4479 1176 4554 §pix
1191 4487 1219 4535 et
1232 4481 1288 4536 ΙΙ...

282 4571 385 4644 peotim
408 4571 545 4627 interdicti
568 4573 637 4629 diota
664 4575 807 4646 appellatio
822 4573 962 4645 reprobata
976 4577 1045 4628 esta
1134 4584 1148 4620 11
1171 4563 1324 4622 Notandum
1348 4573 1439 4624 umen
1460 4574 1502 4624 cat
1525 4569 1609 4642 quod,
1629 4572 1661 4624 ut
1683 4569 1874 4642 peregrinatio

283 4656 359 4714 bulla
372 4657 400 4710 in
413 4655 457 4712 die
471 4657 559 4714 eene
574 4659 681 4715 mmini
694 4659 835 4732 quounnis
852 4658 906 4732 legi
921 4659 1009 4714 solita.
1099 4651 1134 4708 ad
1148 4651 1247 4709 Sedern
1254 4652 1498 4726 apostolioemrim
1507 4653 1604 4712 babeat
1612 4653 1875 4727 appellationis,tria

319 4759 335 4797 a
363 4741 434 4806 Quin
464 4741 551 4797 obstet
596 4743 669 4815 quod
695 4761 711 4800 a
739 4743 866 4800 Consiliis
901 4742 1045 4798 Basileensi
1100 4737 1182 4794 simul
1195 4753 1357 4794 concurrere
1371 4738 1483 4794 debent.

284 4839 350 4880 sess.
366 4823 477 4894 ΙΙΙΙΙΙΙΙΙ,
492 4831 519 4880 st
545 4827 738 4884 Constantiensi
766 4845 832 4884 sess.
855 4827 941 4898 ΙΙΙΙΙΙΙ,
955 4827 1046 4885 decla·
1135 4824 1190 4880 sl·
1205 4823 1239 4879 Ut
1253 4825 1305 4880 iter
1318 4829 1471 4880 uramatur
1484 4823 1554 4880 intra
1574 4823 1669 4880 decem
1690 4821 1751 4878 dies
1771 4839 1874 4880 111011·

284 4916 374 4966 ratum
388 4907 470 4966 inerit
482 4908 517 4966 de
531 4910 586 4967 ilde
605 4912 749 4969 concilium
770 4929 828 4970 osse
841 4913 1045 4985 supra‘Papam‚
1099 4909 1182 4964 unua
1197 4908 1251 4963 lata
1263 4908 1306 4963 rel
1320 4911 1473 4981 gravamine
1487 4909 1574 4978 illata,
1596 4913 1625 4965 et
1642 4909 1695 4964 iter
1715 4905 1768 4964 baa
1783 4905 1875 4980 judici

283 5011 315 5051 aa
328 5011 377 5069 per
390 5011 555 5069 consequens
575 4997 607 5052 ab
627 5013 659 5053 eo
677 5000 807 5071 appellari
823 5013 902 5071 passe
921 4995 955 5052 ad
973 4997 1047 5053 lutu-
1099 4994 1143 5049 rel
1156 4993 1225 5066 parti
1239 4995 1390 5064 intimetur,
1418 4993 1483 5050 licet
1513 4993 1634 5068 apastoli
1654 5009 1709 5050 nou
1730 4999 1873 5064 pehntnr.

285 5096 346 5138 rum
357 5083 481 5155 woerda
495 5083 649 5154 concilium,
659 5085 721 5155 quia
729 5083 917 5157 respondetur,
927 5083 965 5138 iu
978 5083 1046 5139 Tire·
1099 5079 1168 5135 Nam
1181 5079 1242 5136 talis
1256 5082 1314 5152 ipso
1328 5079 1397 5136 iacto
1415 5078 1541 5153 appellat,
1565 5080 1672 5151 iterque
1694 5083 1736 5134 cst
1759 5079 1787 5133 ei
1808 5077 1872 5132 loco

285 5165 525 5238 corneorum
531 5167 683 5239 sobrios,
696 5185 754 5243 cap.
766 5187 787 5241 r,
796 5170 880 5226 serbo
889 5167 1046 5242 Appellatio,
1100 5166 1296 5238 apostolorum,
1311 5181 1371 5239 cap.
1384 5163 1478 5222 Dilecti
1491 5163 1552 5237 filii,
1567 5168 1614 5236 52,
1628 5163 1666 5222 oa
1678 5161 1802 5238 appellat.
1818 5163 1872 5218 llo·

252 5251 257 5260 '
287 5251 386 5309 sillud
399 5253 543 5310 concilium
557 5255 721 5328 (basileenses
737 5255 842 5328 nempe)
858 5256 940 5311 inisse
955 5254 1045 5328 illegi-
1101 5249 1366 5323 minedpcstaloruas
1379 5253 1490 5309 veniunt
1509 5253 1606 5308 litterae
1624 5251 1784 5306 dimissoria
1798 5245 1867 5303 data

284 5351 300 5398 s
317 5338 383 5395 time
397 5337 553 5398 inchoatum
567 5345 595 5398 et
607 5339 793 5411 terminatum,
807 5347 835 5398 et
847 5339 972 5415 quadam
987 5347 1046 5396 tan-
1100 5335 1247 5410 appellanti
1259 5336 1385 5411 ajadice,
1401 5336 1553 5396 deicienda
1565 5335 1602 5394 ad
1611 5337 1734 5412 iudicem
1746 5333 1865 5407 appalla-

369 638 449 680 VARIA
464 637 621 678 DOCUHENTA
636 637 670 678 ΙΙΙ
683 637 932 679 aerumnosarum

1334 2579 1526 2639 audouario
1543 2581 1619 2640 xxv,

1090 2731 1150 2790 tit.
1164 2731 1202 2790 ΙΙ.
1216 2730 1402 2800 dementiam,
1420 2733 1474 2791 Tit.
1487 2733 1580 2792 XXlX
1587 2734 1733 2793 necuim
1740 2737 1868 2811 perapsi-

1287 2817 1423 2890 aostibss,
1437 2835 1466 2875 a.
1481 2820 1510 2888 ⁵,
1521 2836 1587 2894 pap.
1600 2819 1664 2878 359.
