4016 6056
435 628 1367 833 llDNOTllTlONES

150 1056 206 1146 ΙΝ
241 1055 476 1150 ΤΟΜϋΜ
513 1055 798 1150 tretium
834 1053 1144 1150 abactis!
1180 1033 1655 1146 efitffEusTuEt

384 1853 576 1914 obduratio
591 1854 611 1910 l.
932 1850 1047 1926 (Colleot.
1062 1849 1153 1908 ooaail.
1169 1849 1310 1918 llerdulni,
1325 1853 1391 1906 tom.
1407 1849 1525 1922 Vll,ool.
1540 1849 1585 1925 23)
1599 1854 1695 1912 eadem

933 1935 1079 2004 innovavit,
1097 1935 1255 2006 statuitque,
1270 1934 1307 1989 sit
1320 1934 1483 1992 Benedictus
1495 1935 1561 2004 lllV,
1580 1936 1612 1993 de
1629 1938 1695 2013 Spe.

130 2035 189 2094 tit.
206 2033 233 2092 ll
244 2033 370 2092 Dsorstol.
384 2033 437 2090 Tit.
445 2033 518 2098 Xlll,
534 2032 570 2090 Do
581 2031 699 2096 Tosts'bus
711 2029 831 2105 ooqeudis
843 2030 883 2088 oet
932 2021 1035 2077 ΡΜ·
1051 2020 1100 2076 ΠΡ·
1117 2020 1162 2105 tv,
1176 2036 1223 2092 ⁰⁸1¹
1237 2034 1279 2088 11¹2
1295 2035 1324 2074 Ρ·
1339 2019 1367 2088 t,
1381 2023 1413 2074 ²²²
1426 2021 1454 2074 5¹²
1469 2021 1576 2093 ⁸l¹¹⁰dis
1586 2026 1697 2094 imin·

310 2135 372 2188 ssoa,
387 2118 450 2192 §lt
465 2135 495 2174 n.
510 2116 555 2188 tt,
566 2133 630 2190 pop.
642 2115 686 2174 78.
933 2106 1056 2174 cialibus,
1077 2104 1221 2176 quotannis
1243 2102 1423 2173 celebrandis,
1450 2103 1591 2178 synodales
1617 2111 1698 2166 testes

934 2205 982 2262 pro
991 2187 1111 2261 qualibet
1119 2204 1135 2242 e
1144 2185 1286 2260 provincie
1293 2185 1453 2244 diaeoesibus
1460 2189 1698 2263 constituerentur,

296 2301 330 2342 Μ
368 2300 489 2342 mmm
518 2295 705 2342 apponamus.
935 2279 966 2329 ut
978 2271 1163 2344 unusquisque
1176 2271 1228 2327 sibi
1242 2273 1413 2327 commissam
1421 2272 1604 2345 perlustraret,
1613 2277 1700 2348 quod-

934 2373 988 2428 que
1002 2357 1192 2429 oorrigendum
1206 2355 1423 2429 deprehenderet
1442 2357 1477 2412 ad
1499 2357 1616 2414 loturam
1635 2378 1699 2434 pro-

155 2451 229 2505 luter
244 2453 334 2518 testes,
349 2447 396 2518 qui
414 2446 541 2518 oompelli
564 2450 675 2519 possunt
687 2444 723 2499 ad
740 2444 882 2502 ferendum
934 2441 1078 2496 vinaiulem
1097 2441 1231 2514 synodum
1250 2439 1379 2498 deferret.
1402 2442 1486 2498 «Per
1499 2443 1617 2516 singulas
1631 2444 1700 2501 dire·

119 2533 306 2588 testimonium
321 2537 414 2588 oontm
426 2530 692 2586 Eoolesissetearum
705 2529 882 2600 alerioos,re-
897 2547 899 2552 ’
934 2542 949 2580 a
966 2541 1050 2594 oeses,
1074 2531 1138 2580 sunt
1159 2525 1241 2580 verba
1262 2525 1426 2597 lambertii,
1448 2531 1566 2583 statuant
1592 2527 1700 2586 idoneos

118 2622 263 2672 oeneentur
281 2616 321 2670 illi
343 2615 390 2686 qui
418 2613 544 2670 dicuntur
571 2611 716 2686 synodales,
740 2619 831 2685 utpote
850 2614 883 2669 sb
904 2681 908 2690 Ι
935 2625 1105 2681 sparseras,
1119 2607 1244 2680 providas
1257 2609 1383 2665 videlieet
1394 2617 1423 2666 et
1436 2610 1639 2684 honestasque,
1652 2631 1702 2686 per

119 2700 244 2772 episeopo
258 2697 391 2770 synodum
405 2701 501 2769 agente
521 2698 663 2769 designati,
685 2705 712 2752 et
728 2699 883 2768 juramento
935 2699 1055 2750 »totum
1078 2708 1177 2748 aunum
1198 2693 1354 2766 simplieiter
1377 2695 1459 2752 etde
1485 2697 1575 2768 plano,
1599 2698 1701 2770 absquo

118 2783 194 2854 ligati
215 2781 288 2854 quod
309 2781 408 2854 legitur
420 2781 493 2854 apud
508 2782 662 2837 Gratianum
683 2797 731 2836 oen
756 2785 782 2849 7,
807 2798 881 2837 aeus.
934 2779 1024 2834 sulla
1033 2778 1229 2850 jurisdictione,
1252 2779 1366 2836 sollioite
1387 2781 1548 2852 investigent
1561 2797 1621 2852 que
1640 2775 1701 2836 oor'u

117 2865 217 2935 llllllll,
232 2870 326 2938 quest.
342 2869 369 2932 o,
384 2865 422 2920 ihi
437 2882 444 2920 :
465 2865 640 2938 slipisoopus
655 2866 683 2919 in
698 2863 799 2937 synodo
814 2866 884 2920 resi·
935 2882 950 2918 s
968 2863 1086 2918 reotione
1103 2863 1148 2917 vel
1166 2863 1357 2919 reformatione
1371 2865 1425 2919 sint
1442 2863 1536 2936 digna,
1550 2870 1619 2920 etea
1632 2865 1701 2921 tide-

119 2950 198 3021 dens,
213 2957 272 3022 poet
285 2966 432 3022 congruens
443 2949 644 3013 allooutionem,
655 2955 758 3022 septem
767 2949 884 3020 explebe
936 2966 951 3002 s
968 2945 1172 3018 literperlerent
1185 2946 1220 3002 ad
1230 2948 1470 3019 metropolitanum
1480 2954 1507 3004 st
1519 2948 1703 3021 suffraganeos

118 3035 206 3107 ipsius
217 3034 351 3107 parochie
359 3035 403 3090 vel
415 3035 588 3106 eoamplius,
597 3040 678 3106 prout
691 3033 788 3090 viderit
801 3049 884 3106 expe·
936 3052 956 3089 a
969 3039 997 3090 et
1009 3034 1075 3089 alios
1089 3033 1119 3086 in
1136 3031 1248 3088 oonoilio
1267 3031 1454 3105 subsequenti,
1474 3037 1505 3088 ut
1525 3049 1606 3106 super
1619 3034 1662 3089 his
1675 3039 1704 3090 et

119 3117 197 3184 dire,
226 3119 397 3186 maturiores,
425 3117 602 3185 honestiores,
630 3123 714 3190 atqua
738 3117 885 3174 veraoiores
935 3115 1037 3186 saliis,
1051 3121 1132 3188 prout
1146 3115 1255 3170 utilitati
1269 3121 1296 3172 et
1309 3116 1444 3172 honestati
1458 3117 1626 3188 congruerit,
1641 3131 1703 3190 pro·

119 3203 192 3256 viros
204 3203 233 3258 in
246 3201 368 3262 medium
387 3201 467 3258 debet
488 3217 610 3272 evocare,
631 3207 659 3257 et
676 3201 762 3257 allatis
781 3207 885 3256 sanoto-
937 3201 1031 3258 avida
1047 3201 1252 3268 deliberatione,
1275 3201 1431 3272 proaedant.
1448 3207 1476 3258 et
1487 3209 1549 3274 'que
1563 3203 1704 3260 statuerint

120 3303 184 3340 rum
198 3287 355 3358 pignoribus
370 3303 592 3360 unumquemque
607 3287 716 3342 illorum
737 3286 782 3341 tali
800 3301 886 3340 saera·
937 3305 952 3341 a
967 3287 1065 3342 molant
1078 3287 1224 3344 observari.
1244 3304 1261 3341 s

120 3375 216 3424 mento
242 3369 405 3440 constringat
428 3385 435 3423 ι
461 3369 566 3425 hmodo
592 3369 620 3424 in
646 3372 734 3438 antea,
755 3365 886 3440 quidquid
972 3372 1155 3428 alnnooentii
1170 3372 1320 3438 deoretum,
1329 3371 1559 3442 iuquitdiraldue‚
1568 3369 1704 3446 Expositis

121 3455 191 3509 noeti
202 3458 249 3510 out
263 3452 373 3522 audisti,
386 3458 433 3508 aut
452 3452 624 3524 postmodum
646 3453 823 3525 inquisiturus
845 3469 885 3522 es,
931 3455 1006 3530 ῥιπὶ
1017 3456 1147 3530 poottptos's‘
1157 3461 1240 3529 juata
1260 3455 1424 3514 recentiorem
1442 3453 1565 3512 samse
1583 3454 1705 3530 discipti-

120 3537 195 3610 quod
208 3543 299 3594 eontra
313 3539 360 3596 [tei
373 3540 541 3596 voluntatem
555 3544 583 3594 et
596 3545 695 3594 rectam
710 3539 887 3594 ohrishunite·
938 3555 1010 3611 eoru,
1024 3545 1083 3612 part
1097 3540 1118 3608 1,
1134 3547 1198 3596 seot.
1212 3542 1276 3610 aas,
1293 3541 1355 3596 lioat
1367 3540 1499 3612 pertineat
1512 3538 1546 3594 ad
1560 3539 1631 3594 soloe
1646 3544 1702 3595 tes·

121 3624 216 3679 tamin
229 3625 279 3678 ista
292 3624 419 3696 parochia
431 3625 531 3684 lautum
546 3624 581 3678 sit
594 3629 642 3680 aut
655 3623 777 3678 loturum
787 3625 848 3694 erit,
863 3623 886 3678 si
940 3629 980 3680 tes
995 3625 1178 3695 aproviuoiali
1192 3626 1294 3697 synodo
1305 3624 1495 3698 designandos,
1503 3641 1556 3680 non
1565 3629 1704 3696 propterea

120 3710 148 3764 in
163 3708 260 3765 diebus
274 3710 327 3764 tuis
343 3711 471 3780 evenerit,
487 3712 591 3764 tantum
604 3712 635 3763 ut
648 3707 683 3763 ad
700 3714 775 3762 tuam
790 3706 885 3779 oogni-
939 3709 1077 3781 abrogavit
1088 3709 1231 3780 antiquum
1245 3725 1350 3766 morem
1363 3715 1394 3766 ut
1406 3711 1507 3766 seilicet
1515 3711 1621 3765 etiams
1633 3726 1704 3781 quo·

119 3794 223 3850 donem
236 3809 408 3868 quorumque
422 3794 504 3850 modo
514 3793 661 3865 perveniat,
678 3793 701 3848 si
716 3793 766 3848 sois
778 3797 825 3847 aut
838 3790 887 3848 tibi
939 3794 1007 3848 libet
1019 3793 1142 3866 episeopo
1156 3796 1185 3850 in
1202 3809 1250 3850 sus
1262 3794 1412 3850 diseoesana
1425 3793 1526 3870 synodo
1540 3793 1703 3866 deputaren-

118 3875 201 3932 luerit
215 3876 364 3932 indicatum
377 3875 532 3950 synodalem
546 3891 654 3930 oausam
677 3892 734 3931 esse
749 3879 779 3930 et
789 3873 823 3930 sd
832 3874 886 3930 mi·
939 3884 995 3936 tur.
1011 3879 1111 3935 Verum
1124 3897 1187 3936 oum
1200 3897 1257 3936 non
1271 3881 1308 3937 ita
1320 3879 1408 3951 tasilo,
1423 3883 1458 3936 ob
1471 3880 1597 3936 humane
1612 3880 1704 3935 oondi-

119 3960 264 4016 murium
277 3961 392 4033 episcopi
416 3961 561 4032 pertinere,
584 3958 658 4032 quod
672 3966 701 4016 tu
716 3975 765 4016 neo
778 3963 889 4032 propter
941 3963 1026 4018 tionis
1040 3963 1225 4037 fragilitatem,
1246 3967 1297 4021 viri
1316 3982 1379 4021 vere
1401 3967 1478 4038 probi
1496 3970 1525 4021 et
1537 3955 1704 4036 integerrimi

120 4060 269 4115 amorem,
295 4061 344 4102 neo
375 4051 483 4118 propter
518 4045 669 4112 timorem,
697 4059 753 4099 neo
778 4047 888 4115 propter
941 4047 1055 4105 inveniri
1063 4051 1312 4124 possintqui,omni
1322 4051 1704 4126 postpositohumanoatleatu,

120 4133 253 4203 pretium,
278 4146 328 4187 nea
350 4136 459 4203 propter
478 4128 644 4201 parentelam
665 4127 798 4190 ullatenus
816 4127 889 4182 sales
940 4132 1081 4188 veritatem
1095 4135 1266 4207 investigent,
1287 4151 1402 4208 eamque
1416 4137 1531 4205 sineere,
1546 4134 1603 4190 solo
1617 4133 1705 4190 ohari-

120 4218 287 4289 episomam,
310 4221 357 4270 aut
376 4218 434 4288 ejus
458 4218 582 4282 missum,
605 4215 650 4268 oui
671 4213 722 4268 hoo
748 4212 888 4284 inquirere
942 4217 1003 4270 tatis
1015 4218 1115 4288 studio,
1130 4221 1254 4292 episeopo
1268 4221 1397 4292 aperiant,
1412 4219 1527 4292 ideoque
1556 4219 1602 4292 (sia
1613 4235 1707 4292 prose·

119 4304 243 4375 jusserit,
258 4302 483 4375 quandocumque
504 4306 531 4356 te
550 4316 582 4354 ex
602 4299 654 4354 hoo
675 4297 887 4368 interrogaverit,
941 4302 1034 4372 quitur
1047 4302 1171 4358 laudatus
1186 4304 1348 4362 Benedictus
1355 4306 1408 4360 loo.
1423 4305 1470 4360 ait.
1478 4319 1507 4359 n.
1517 4302 1555 4377 s),
1566 4301 1706 4376 synodales

122 4389 162 4444 sio
177 4395 203 4442 te
217 4389 289 4444 Deus
302 4387 410 4459 adjuvet
430 4392 457 4442 et
483 4387 540 4442 iste
554 4391 706 4440 sanatorum
726 4383 857 4454 reliquias.
872 4401 886 4436 a
943 4393 1023 4442 testes
1036 4387 1093 4444 lere
1108 4389 1443 4462 ubiquedssueverunt,in
1452 4405 1602 4463 eorumque
1616 4390 1706 4449 lomim

122 4471 154 4528 ln
168 4474 218 4529 isto
233 4489 343 4542 amone,
359 4487 443 4544 quesn
457 4467 891 4540 Gratianusslturehardodeoep-
943 4471 1047 4527 sulleoti
1061 4481 1124 4528 sunt
1137 4474 1240 4531 hsoales
1254 4477 1440 4550 episeoporum
1450 4479 1477 4530 at
1486 4476 1592 4546 desani,
1602 4473 1652 4532 hoo
1666 4480 1709 4531 ost

125 4563 169 4615 tus
183 4558 279 4614 tribuit
292 4559 457 4632 liutpahiano
471 4559 559 4630 Papae,
582 4573 645 4612 oum
661 4559 719 4628 ejus
742 4556 777 4610 ait
799 4559 892 4609 auotor
943 4555 1035 4612 vimrii
1060 4557 1172 4630 lorensi,
1196 4561 1243 4632 qui
1261 4563 1366 4633 utique,
1385 4559 1614 4634 quemadmodum
1637 4561 1707 4618 bene

125 4643 231 4718 Regino
248 4645 427 4716 Promisere,
441 4650 472 4700 ut
485 4642 580 4716 probet
605 4643 774 4714 Sebastianus
794 4640 891 4696 herar-
944 4640 1132 4700 animadvertit
1154 4643 1211 4698 Van
1224 4645 1321 4717 Espem
1334 4643 1395 4700 Jur.
1423 4643 1484 4702 ecel.
1505 4645 1581 4701 uoto.
1606 4649 1664 4700 tom
1685 4644 1707 4714 l,

126 4729 189 4800 due,
206 4731 235 4785 in
260 4747 344 4804 opere
363 4747 434 4803 sape
456 4727 575 4798 laudato,
585 4724 708 4782 ‚Graiium
721 4738 829 4782 oooom
845 4738 891 4795 ge·
945 4728 1014 4796 part.
1030 4724 1052 4794 l,
1067 4727 1108 4780 tit.
1122 4725 1213 4798 lllllll,
1228 4743 1288 4800 oap.
1302 4744 1343 4796 ιιι,
1358 4747 1386 4784 n.
1404 4731 1447 4800 lt,
1461 4731 1485 4785 si
1498 4729 1628 4797 omani,
1648 4729 1710 4800 pie-

126 4815 208 4872 auias'
220 4815 253 4874 ab
261 4816 413 4891 oponqptta
421 4815 528 4872 disereti
543 4822 608 4886 eta,
621 4820 695 4886 part.
706 4813 740 4875 ll,
755 4828 813 4883 asp.
828 4824 893 4878 xxv,
946 4813 1010 4878 tate,
1025 4809 1209 4881 prudentissi
1222 4813 1280 4868 zelo
1293 4818 1459 4886 prestarent,
1472 4831 1504 4870 ao
1516 4829 1616 4870 munus
1628 4829 1709 4868 saum

125 4905 210 4956 testes
223 4901 365 4975 synodales
386 4908 450 4958 sunt
463 4901 533 4956 laioi.
551 4901 642 4956 olleo
657 4898 747 4970 itaque
764 4895 894 4964 turmula,
946 4890 1091 4966 diligenter
1110 4895 1227 4967 obirent,
1251 4897 1422 4970 synodalium
1443 4899 1553 4958 testium
1575 4897 1710 4954 deleatum

126 4984 217 5058 inquit
232 4985 366 5043 Bererdm
387 4987 446 5042 looo
465 4983 556 5054 altato,
571 4989 630 5038 eret
646 4999 662 5038 a
675 4981 814 5053 [taginone
828 4995 894 5051 pro·
948 4977 1106 5050 supplerent
1119 4985 1147 5036 et
1160 4987 1399 5052 oompenserent.s

128 5072 217 5144 posite
228 5087 282 5144 qua
291 5074 408 5145 episcopi
417 5073 498 5128 laioos
511 5071 709 5142 interrogarent
718 5067 752 5122 de
766 5065 821 5120 illie
836 5079 896 5135 quae
982 5068 1121 5135 Attamen,
1148 5065 1214 5122 dum
1229 5066 1367 5125 hodiernis
1392 5067 1557 5142 temporibus
1577 5069 1606 5122 in
1621 5065 1712 5124 Galliis

128 5157 163 5215 ed
188 5164 299 5214 restem.
313 5157 456 5216 diaoeseos
476 5153 740 5214 administrationem
762 5151 897 5224 pertinere
950 5148 1271 5224 eelebrarenturspnodi
1292 5153 1469 5226 provinciales
1489 5159 1517 5210 et
1539 5151 1713 5224 'dloeoesanm,

128 5241 304 5301 videbantur.
320 5263 335 5300 a
350 5243 390 5302 ut.
406 5244 613 5302 hdnotetionem
628 5241 652 5296 ll
665 5237 808 5294 voluminis
817 5233 898 5308 primi
952 5233 1024 5288 inter
1045 5235 1117 5290 vims
1138 5237 1330 5294 eoelesiastioos
1349 5239 1561 5311 uniusoujusque
1581 5236 1715 5308 dionem,

130 5342 198 5402 pag.
211 5329 275 5385 583.
664 5372 667 5380 ,
701 5373 703 5380 ,
829 5363 831 5373 .
951 5316 1076 5375 dootm'ne
1088 5327 1117 5376 et
1129 5322 1230 5379 virtute
1245 5325 1372 5398 insignes,
1381 5319 1719 5398 teewssynodulesoppor·

177 5413 376 5472 alnnooentius
389 5415 423 5474 lll
434 5415 464 5474 in
476 5415 589 5474 oonsilio
602 5411 773 5474 Laterensem
791 5423 840 5480 etl>
861 5421 899 5478 ll,
956 5415 1022 5466 1¹¹ss0
1035 5407 1132 5468 domu
1145 5409 1265 5470 tuarum.

350 5545 386 5598 nv
1471 5527 1510 5594 39
