4064 6062
282 265 300 345 ἓ
319 266 356 328 11.
378 265 429 326 1111
449 261 802 330 tamtummodo
821 263 1051 338 JURAMENTI,
1072 265 1121 326 Et·
1141 263 1437 338 CONDITIONIBUS,
1460 263 1543 326 ltro.
1646 263 1699 324 idi

130 396 292 458 communi.
303 395 400 475 quue
413 396 585 460 desumitur
595 415 632 460 ex
646 415 674 460 ο.
691 396 765 460 Cum
778 395 883 460 οἱοοίοί.
938 397 1164 477 disponit)tunc
1174 397 1251 459 illud
1260 397 1582 478 estinterpretandum
1595 413 1706 458 secun-

131 491 174 552 19.
189 489 225 552 de
247 489 328 554 Verb.
347 489 449 572 sipne‘f.
471 491 524 552 ubi
539 492 752 571 juramentum
772 509 790 550 a
811 509 885 570 quo-
938 489 1013 551 dum
1036 489 1267 570 dispositionem
1284 491 1364 571 juris
1387 490 1574 563 communis,
1600 507 1702 568 nsque

126 581 205 661 piam
220 585 348 659 editum,
367 585 470 647 stricte
488 603 546 665 per
566 572 682 663 Papam
700 583 887 672 interpreta-
937 581 1280 668 ultratextendendum.
1305 585 1350 646 Ita
1373 581 1699 664 Glossaincep.1.t.

127 681 182 738 tur.
206 677 333 740 Accedit
358 677 448 754 ratio,
474 679 547 758 quia
570 677 624 740 ubi
647 677 686 739 de
708 676 885 739 inducenda
937 671 1136 737 flecteremus.
1165 675 1196 737 h.
1226 679 1250 739 t.
1278 695 1310 740 n.
1334 679 1368 748 6;
1388 675 1628 739 Innocentinsc.
1643 673 1703 736 Per

126 769 309 850 obligatione
330 772 442 852 agitur,
463 772 567 834 stricta
587 771 682 834 debet
703 769 770 832 fieri
791 771 884 832 iuter-
938 767 1136 832 materteras.
1152 769 1233 832 circa
1247 770 1330 834 med.
1347 769 1382 834 de
1395 768 1547 848 Arbitriis,
1560 767 1701 832 Abbasc.
1789 795 1791 802 v

125 863 262 942 protetio,
274 865 363 944 juxta
377 883 404 928 ο.
423 863 499 928 Ods'o
512 864 660 948 restringi.
685 869 733 930 to.
754 863 790 926 de
809 865 881 947 Rep.
941 861 1002 924 Tuo
1016 881 1078 926 nos.
1094 882 1125 927 n.
1143 869 1172 926 1.
1189 863 1224 926 de
1236 863 1350 928 Eccles.
1366 861 1550 946 cedifieond.;
1563 864 1702 942 Laymau

119 955 181 1034 jur.
203 955 279 1020 inb.
302 975 372 1018 cum
395 958 556 1022 similibus.
581 959 670 1024 Unde
692 957 718 1020 si
741 958 885 1038 quaedam
937 957 991 1020 lib.
1013 958 1063 1020 tv,
1088 954 1223 1040 theolog.
1244 957 1348 1020 moal.
1377 965 1453 1020 trac.
1482 957 1532 1032 111,
1560 973 1629 1035 cap.
1657 971 1701 1028 nr,

126 1049 294 1132 reperiatur
308 1051 492 1130 obscuritas,
504 1052 718 1132 juramentum
732 1052 884 1132 interpre·
937 1069 970 1112 n.
985 1055 1021 1125 23
1038 1047 1165 1132 Pirbing
1178 1051 1210 1114 b.
1226 1067 1247 1114 r.
1264 1070 1295 1113 n.
1313 1055 1382 1114 107.
1400 1058 1430 1114 et
1443 1050 1506 1113 alii.
1528 1047 1625 1130 quue
1649 1046 1704 1109 de·
1770 1050 1772 1054 '

126 1151 203 1204 tatur
215 1161 273 1224 pro
286 1143 392 1206 favore
403 1144 556 1224 jurantis3
577 1150 671 1223 atque
691 1143 777 1218 iliud,
802 1143 886 1222 quod
933 1136 1071 1208 'sumitur
1086 1164 1125 1208 ex
1147 1146 1197 1208 cit.
1213 1164 1240 1208 ο.
1266 1145 1335 1208 Tute
1351 1165 1412 1210 nos.
1428 1150 1458 1209 6.
1474 1143 1590 1208 Erotes.
1606 1141 1702 1223 redifi-

125 1238 222 1316 palam
240 1238 345 1300 verbis
368 1254 549 1318 supressum
570 1255 631 1298 non
657 1243 714 1311 est,
740 1239 885 1300 censetur
939 1233 1023 1298 carad.
1040 1235 1093 1298 ubi
1112 1255 1177 1297 non
1197 1237 1339 1300 obstante
1356 1239 1535 1317 juramento
1556 1233 1704 1298 derebus

126 1330 283 1404 omissum,
299 1331 321 1393 l.
334 1329 484 1412 Quidquid
493 1329 787 1412 astringendo.tf.de
802 1329 885 1393 Verb.
940 1331 1078 1392 ecclesiae
1102 1348 1164 1392 non
1187 1329 1378 1404 alienandis,
1411 1334 1514 1412 potest
1537 1329 1705 1410 episcopus

124 1419 239 1502 cbbpot.
256 1423 317 1486 ibi:
338 1411 523 1505 a'outtquid
539 1425 747 1508 astringendae
767 1425 885 1504 obliga·
942 1441 1053 1484 novam
1080 1424 1243 1486 ecclesiam
1270 1423 1435 1498 aedificare,
1467 1423 1492 1484 si
1519 1423 1653 1503 populos
1668 1439 1704 1482 aa

124 1515 212 1577 tionis
228 1534 322 1578 causa
337 1516 454 1580 dictum
468 1521 525 1595 est,
538 1517 581 1595 id,
594 1518 652 1580 nisi
670 1519 770 1598 pelam
784 1519 886 1580 verbis
940 1519 1078 1600 indigeat
1094 1538 1101 1580 :
1118 1517 1264 1600 quiahoc
1282 1517 1383 1598 ipsum
1406 1515 1514 1586 estus
1537 1518 1605 1594 jure
1621 1533 1705 1578 oom-

124 1609 312 1686 erprimatur
342 1611 491 1674 omissum
532 1631 621 1690 esse,
650 1613 887 1696 intelligendum
941 1615 1038 1689 muni,
1055 1633 1082 1676 ο.
1097 1613 1149 1676 Ad
1162 1613 1349 1676 audientiam.
1366 1617 1396 1676 3.
1414 1611 1482 1676 aod.
1501 1613 1607 1692 sicque
1618 1612 1706 1691 jura·

124 1707 186 1762 est:
202 1711 260 1766 aut
274 1711 358 1766 cede
372 1705 544 1768 secuudum
558 1707 778 1784 promissorem
792 1707 888 1768 inter·
941 1715 1081 1771 mentum
1104 1708 1179 1770 illud
1206 1707 1341 1788 episcopi
1372 1711 1420 1770 est
1438 1705 1706 1786 interpretandum

124 1798 319 1873 protundum.
335 1821 351 1858 n
534 1868 539 1880 Ι
937 1803 1026 1884 juxta
1037 1803 1089 1882 jus
1103 1820 1278 1876 commune,
1295 1819 1331 1862 ec
1345 1800 1475 1880 proinde
1496 1817 1587 1862 casus
1602 1799 1659 1861 iste
1674 1798 1706 1860 in

160 1893 213 1954 33.
234 1891 350 1971 Insere
371 1893 477 1956 onimoe
488 1893 693 1974 juramentum
713 1893 887 1976 interpreto-
938 1896 1116 1976 juramento
1131 1893 1183 1955 illo
1198 1899 1342 1956 censetur
1355 1893 1449 1956 tacite
1464 1900 1623 1974 exceptus.

126 1992 172 2046 tur
197 1985 354 2048 secundum
382 1987 570 2049 intentionem
591 1986 736 2068 jurantis.
760 1985 833 2049 Etsi
852 1984 889 2049 de
981 1991 1031 2051 36.
1053 1988 1163 2051 inroras
1191 1987 1222 2050 in
1253 1987 1333 2050 omni
1357 2007 1444 2050 conso
1476 2006 1591 2050 encore
1624 1985 1704 2050 ordi-

125 2077 248 2140 iucnon
261 2087 378 2159 constet,
394 2080 723 2163 interpretotnrstrtcte.
738 2085 887 2160 -Atquc
941 2101 1006 2145 nem
1033 2082 1244 2166 jndr'ciorium,
1270 2089 1459 2144 nontenetur
1491 2079 1708 2142 inmensura
1807 2138 1809 2142 .

125 2173 208 2234 istud
222 2175 271 2236 rel
284 2177 418 2238 maxime
433 2176 573 2253 presedit
587 2193 642 2254 pro
657 2176 723 2237 foro
739 2179 886 2238 externo:
942 2177 973 2237 in
999 2177 1131 2238 nolanis
1159 2175 1364 2238 duramentum
1395 2173 1527 2258 generula
1549 2169 1638 2235 'debet
1665 2171 1706 2234 ito

126 2287 198 2328 nam
213 2269 246 2328 in
260 2269 328 2330 foro
346 2269 457 2332 animas
473 2270 686 2350 jurameutum
705 2271 890 2348 interpreta-
943 2269 1079 2351 intelligi,
1099 2269 1126 2330 si
1146 2269 1214 2352 fieri
1224 2276 1318 2351 potest
1344 2277 1378 2330 nt
1400 2288 1457 2330 non
1473 2264 1651 2347 odoietjnri.
1667 2297 1708 2312 —

127 2366 174 2424 tur
201 2364 376 2425 secuudum
404 2361 605 2426 intentionem
629 2364 774 2442 jurantis,
800 2363 890 2443 juxte
942 2363 1152 2432 concordate.
1163 2362 1215 2426 Ad
1225 2370 1365 2424 noenum.
1376 2360 1470 2424 att.
1487 2367 1510 2423 t.
1528 2359 1578 2420 ubi
1586 2359 1706 2439 jurans,

126 2455 585 2535 intelligentioribus
604 2456 680 2518 uidet
697 2475 731 2519 ea
748 2474 814 2538 pute
835 2475 891 2538 po·
943 2459 1072 2542 quadiu
1086 2459 1171 2519 omni
1186 2475 1280 2520 causa
1303 2456 1416 2519 debeat
1437 2453 1603 2518 observare
1626 2450 1710 2514 ordi·

126 2557 201 2618 rent,
224 2547 368 2610 Dominus
389 2556 485 2620 creton
508 2551 640 2612 intuetur
660 2569 720 2614 cor.
742 2550 830 2613 Unde
851 2553 887 2612 D.
944 2571 1016 2614 nem
1026 2549 1236 2630 judiciarium,
1259 2566 1323 2611 non
1345 2551 1468 2612 wuetur
1488 2547 1517 2610 ri
1538 2542 1709 2626 juramenti

127 2642 303 2722 Gregorius,
328 2643 443 2704 relatus
464 2661 533 2706 can.
557 2643 705 2706 Humanae
724 2661 818 2706 aurea
838 2647 888 2706 11.
942 2645 1045 2726 ipsum
1085 2661 1209 2706 servare
1237 2641 1267 2704 in
1296 2641 1466 2702 manifestis
1489 2659 1527 2703 ac
1555 2639 1707 2702 notoriis:

126 2753 155 2812 q.
170 2739 202 2796 5.
223 2735 269 2795 sie
288 2735 446 2814 loquitur:
476 2735 660 2798 ollumanae
681 2755 773 2799 aures
795 2736 890 2798 rerba
944 2735 1097 2816 siquidem
1118 2737 1258 2814 spectato
1282 2725 1352 2812 jur'e
1371 2731 1528 2794 communi
1546 2729 1710 2792 manifesta

126 2835 230 2890 nostra
252 2826 327 2888 talia
346 2827 500 2907 judicant,
526 2830 629 2909 qualia
651 2829 725 2892 foris
752 2835 887 2892 sonant:
944 2828 1139 2892 accusatione
1154 2844 1217 2886 uon
1231 2825 1380 2904 indigeat,
1401 2841 1470 2886 can.
1491 2821 1659 2904 Manifesta.
1677 2825 1707 2884 2.

126 2921 225 2984 divina
240 2940 316 2986 vero
327 2922 454 3002 judicia,
475 2924 551 2986 talia
569 2941 606 2984 ea
626 2923 766 3004 audiunt,
787 2923 891 3004 qualia
944 2942 976 3004 q.
993 2926 1026 2985 1..
1038 2927 1097 2985 etc.
1114 2917 1283 2982 Eridentio.
1299 2917 1336 2980 de
1348 2918 1533 2983 Asscetrrotion.
1550 2935 1587 2978 ac
1601 2916 1708 2997 proin-

128 3033 163 3075 οι
176 3013 296 3076 intimis
310 3015 520 3093 proferuntur.
536 3037 552 3074 n
569 3015 658 3086 Quod
678 3015 703 3076 si
726 3023 831 3080 mmen
852 3015 890 3077 de
943 3019 983 3080 de
998 3019 1092 3080 etiam
1106 3015 1180 3076 illud
1191 3015 1415 3094 jurameutum,
1431 3016 1539 3092 utpote
1555 3011 1708 3090 interpre-

126 3109 192 3185 ipaa
212 3107 352 3187 jurantis
378 3108 548 3171 intentione
578 3125 640 3172 nou
662 3113 794 3185 constet,
817 3115 891 3170 tuuc
944 3111 1074 3174 tandum
1107 3107 1276 3170 secundum
1296 3106 1347 3186 jus
1381 3123 1566 3178 commune,
1604 3121 1711 3164 casum

126 3201 220 3262 etiam
233 3202 266 3262 in
280 3201 348 3262 foro
368 3201 491 3278 animae,
513 3220 551 3264 ac
573 3201 789 3284 poenitentiali,
807 3201 891 3281 jura·
944 3205 1027 3268 hunc
1042 3204 1081 3266 de
1095 3200 1267 3264 manifestis
1280 3217 1344 3260 nou
1359 3197 1606 3280 comprehendit.
1617 3199 1711 3260 Acoe-

127 3301 267 3358 meulnm
281 3295 386 3358 stricte
401 3297 450 3358 est
462 3294 740 3378 interpretandum,
756 3296 796 3358 ob
810 3295 849 3357 di.
860 3304 892 3358 ta
945 3299 990 3360 dit
1002 3297 1080 3359 ratio
1095 3294 1212 3357 ibidem
1225 3293 1336 3356 allata:
1354 3293 1427 3373 quia
1441 3291 1484 3354 sio
1494 3292 1604 3371 jurans
1619 3313 1634 3351 u
1647 3309 1710 3352 non

126 3406 157 3449 n.
173 3387 310 3468 praeced.
945 3390 1121 3454 habebatiu
1131 3396 1245 3464 mente,
1259 3393 1291 3450 ut
1300 3394 1463 3468 propterea
1473 3386 1594 3448 veniret
1604 3391 1711 3446 contra

165 3484 213 3545 31.
238 3481 538 3546 Solvitnrinstontic.
559 3481 658 3546 Furor
670 3483 845 3564 juramenti,
864 3494 893 3548 et
945 3482 1109 3546 canonicas
1136 3480 1310 3542 sanctiones
1336 3498 1342 3540 :
1373 3477 1509 3557 alioquin
1536 3494 1601 3537 non
1623 3475 1712 3554 jura·

127 3576 286 3638 roncone
300 3575 359 3657 ipsi
370 3574 475 3651 dodim,
490 3577 591 3658 innpuo
604 3575 811 3660 canutoli·
828 3579 892 3640 Ne·
945 3584 1101 3650 mentum,
1132 3574 1188 3636 sed
1209 3572 1381 3654 perjurium
1404 3571 1505 3653 potius
1534 3567 1709 3631 extitisset:

127 3684 185 3745 que
204 3668 310 3730 obstat
327 3666 414 3730 brer
431 3667 613 3747 juramenti,
635 3672 729 3749 atque
749 3687 893 3733 reveren·
945 3688 1005 3732 nec
1019 3671 1100 3729 esset
1114 3665 1218 3744 aliqua
1241 3663 1360 3726 ratione
1383 3659 1613 3724 servandum.»
1636 3659 1710 3719 Hoec

126 3761 168 3820 tia
180 3760 286 3821 eidem
301 3758 416 3822 debita.
432 3759 593 3840 Siquidem
607 3761 695 3822 favor
708 3761 890 3840 juramenti,
946 3761 1083 3844 pontifex
1096 3775 1152 3838 pro
1169 3757 1421 3836 interpretatione
1445 3753 1518 3817 dicti
1528 3751 1708 3834 juramenti.

126 3868 162 3912 ac
174 3852 351 3915 reverentia
365 3851 424 3932 ipsi
444 3849 561 3928 debita,
585 3853 798 3934 principaliter
818 3871 893 3915 con·
946 3855 1004 3921 Ubi
1024 3851 1153 3935 proinde
1168 3849 1378 3912 summarium
1397 3868 1437 3910 ex
1455 3848 1574 3911 Abbate
1589 3846 1711 3907 desum-

126 3945 203 4006 sistit
225 3945 257 4006 in
285 3963 336 4020 eo,
360 3945 445 4024 quod
467 3946 507 4008 sit
526 3965 645 4022 rerum,
661 3947 780 4027 justum
798 3951 892 4029 atque
946 3957 1045 4032 ptum,
1056 3949 1105 4008 eie
1118 3946 1278 4026 loquitur:
1306 3944 1550 4006 cJuramentum
1564 3939 1710 4021 generale

127 4037 326 4112 rationabile;
343 4037 448 4118 sicque
462 4038 559 4103 babet
572 4045 636 4102 tres
657 4041 785 4104 comites
807 4059 890 4120 suos,
948 4042 1041 4106 debet
1067 4041 1111 4103 ita
1137 4037 1277 4119 intelligi,
1303 4037 1328 4098 si
1356 4036 1423 4097 fieri
1451 4039 1565 4117 potest,
1594 4039 1711 4095 utnon

129 4131 289 4194 veritatem
317 4130 480 4212 nimirum,
508 4132 659 4213 judicium
688 4139 781 4216 atque
804 4137 895 4216 justi·
947 4133 1139 4215 obvietjuri;
1156 4133 1232 4194 alias
1255 4138 1404 4210 tanquam
1427 4125 1627 4192 temerarium
1647 4144 1710 4187 non

131 4226 216 4302 tiam,
228 4225 318 4305 juxta
332 4223 439 4286 deren
454 4243 495 4301 rt,
516 4229 546 4290 2.
570 4229 639 4290 Non
659 4237 775 4308 autem,
800 4238 834 4291 ut
854 4231 894 4292 ed
948 4229 1065 4310 obligat
1077 4232 1183 4289 contra
1195 4225 1273 4306 juris
1288 4223 1560 4286 observantiamu
1683 4259 1688 4270 ·

130 4321 217 4399 plura
232 4319 430 4398 extendatur,
444 4327 538 4400 atque
551 4320 693 4384 indubio
708 4324 891 4406 amplietur:
988 4327 1037 4388 37.
1061 4321 1230 4402 Quijuroto
1240 4318 1378 4402 promisit
1389 4315 1497 4396 judicto
1515 4312 1591 4389 ruiti,
1604 4321 1708 4395 potetis

130 4410 279 4490 quinimo,
301 4429 364 4491 quo
383 4411 547 4492 benignior
568 4411 661 4476 fuerit
681 4413 894 4496 interpretatio
947 4437 985 4482 er
997 4433 1126 4480 concesso
1139 4433 1237 4488 conso,
1251 4411 1327 4474 iliud
1337 4410 1602 4474 dasem-Huc
1617 4407 1711 4470 etiam

127 4503 306 4582 juramenti,
332 4523 370 4568 eo
393 4503 513 4568 facilins
536 4504 759 4582 observabitur,
782 4508 895 4588 magis·
947 4511 1020 4572 facit
1034 4511 1134 4571 textus
1144 4507 1176 4568 in
1190 4506 1211 4566 l.
1226 4506 1282 4567 ult.
1294 4505 1327 4566 ff.
1344 4503 1402 4580 Oui
1409 4499 1550 4564 satisdare
1559 4507 1710 4582 cogantur,

131 4616 191 4678 que
216 4598 383 4662 evitabitur
409 4596 506 4680 ipsius
532 4598 678 4678 violatio,
707 4620 763 4664 eeu
789 4601 893 4682 perju-
949 4604 1014 4666 ibi:
1036 4623 1051 4660 r
1064 4601 1120 4672 Qui
1136 4601 1239 4681 jurato
1263 4596 1405 4678 promisit
1420 4594 1538 4676 judicio
1558 4595 1634 4670 sisti,
1649 4610 1712 4654 non

131 4691 220 4752 rium
948 4688 1715 4775 videturpejerasse,siexconcessacausahoode-

170 4787 218 4846 35.
238 4784 446 4846 loramentum
462 4785 630 4868 prestitam
643 4787 722 4850 careo
745 4788 897 4851 monrium
950 4787 1092 4853 seruerit.
1108 4809 1123 4845 n
1141 4788 1242 4864 Atque
1256 4783 1335 4845 ratio
1350 4785 1462 4856 horum
1476 4784 1630 4865 generalis
1645 4787 1711 4844 est:

125 4879 222 4958 jau,
251 4881 464 4962 interpretabor
498 4881 653 4946 amadan
686 4879 897 4964 dispositionem
951 4883 1025 4964 quia
1038 4881 1070 4942 in
1081 4879 1400 4959 quolibetjuramento
1415 4875 1614 4956 promissorio
1624 4874 1714 4936 tacite

127 4973 207 5052 jun's
219 4973 389 5036 mmmcnis.
398 4971 898 5058 qunaeorieeeemplificotunlion
952 4975 1201 5054 subintelligitur,
1215 4979 1308 5052 atque
1323 4973 1390 5051 ipso
1400 4971 1471 5052 jure
1486 4972 1565 5032 inest
1578 4966 1715 5032 conditio

135 5065 258 5130 obtenta
265 5067 439 5150 juramento
456 5067 491 5135 de
504 5069 588 5132 rebus
601 5069 742 5132 Ecclesiae
755 5087 812 5131 non
826 5067 897 5131 alie·
953 5071 1016 5147 illa,
1036 5092 1051 5129 a
1064 5069 1154 5131 Saluo
1165 5069 1247 5149 jure,
1270 5070 1301 5129 et
1319 5065 1500 5128 auctoritate
1515 5060 1682 5142 superioris
1698 5081 1712 5118 o

137 5160 248 5240 nando,
261 5169 356 5244 potest
371 5162 505 5244 epicopus
516 5182 620 5226 novom
631 5161 792 5226 Ecclest’om
807 5160 900 5243 oedifi-
954 5165 1052 5246 (puta,
1067 5163 1204 5244 supremi
1217 5161 1425 5242 legislatoris),
1441 5177 1469 5221 c.
1490 5155 1647 5218 Venientes.
1665 5155 1713 5215 19.

139 5271 202 5316 ecre
213 5255 377 5338 sipopulos
389 5274 425 5319 cu
438 5255 716 5340 indigeat-llesp.
726 5251 901 5332 lI.Quaudo
954 5258 987 5318 h.
1002 5264 1026 5319 t.
1041 5262 1134 5338 atque
1148 5256 1281 5334 amplius
1295 5273 1326 5317 n.
1338 5257 1388 5316 53.
1405 5253 1535 5314 dicetur.
1548 5249 1636 5314 Unde
1646 5267 1719 5310 con-

138 5345 348 5423 juramentum
363 5355 410 5412 eet
418 5349 678 5428 prestitumcircs
689 5348 902 5429 materiamju-
955 5367 1090 5430 sequens
1104 5356 1160 5425 est,
1184 5347 1267 5429 quod
1288 5349 1499 5428 juramentum
1521 5341 1721 5404 conformiter

142 5440 261 5521 risthoc
269 5447 318 5504 est
327 5441 481 5522 circailla,
489 5445 529 5510 de
537 5443 704 5526 quibusjus
713 5445 814 5525 ipsum
829 5445 903 5524 quid
933 5469 936 5478 ’
956 5445 1052 5519 menti
1070 5442 1266 5526 legislatoris,
1289 5460 1347 5523 per
1372 5441 1421 5522 jus
1441 5453 1607 5500 commum
1622 5436 1722 5498 mani·

356 5563 393 5608 ru
1045 5633 1048 5644 A
1475 5548 1509 5608 tt
