4080 6064
581 383 600 464 ἐ
619 381 694 446 XIII.
716 383 765 443 DE
787 379 1050 444 PRODUGTIONE
1067 379 1244 442 restant.
1661 383 1701 444 te

122 521 177 588 tus,
193 517 225 577 et
238 515 341 596 agitur
353 513 392 577 de
411 515 464 578 illo
487 516 692 588 removendo;
712 515 788 597 ,quia
806 519 880 578 tunc
934 511 1097 594 plectendi.
1113 532 1140 575 c.
1166 513 1299 590 Quanta.
1314 517 1364 576 ll.
1381 512 1415 576 dc
1437 513 1569 577 Scateat.
1587 531 1701 576 earcom-

115 609 296 692 judicialiler
329 609 410 672 toret
453 611 621 690 agendum,
656 627 720 671 nou
762 611 806 670 sic
847 607 881 670 in
934 625 1013 666 mun.
1030 603 1121 684 Atqui
1142 623 1198 685 pro
1222 613 1347 686 peccalo
1369 607 1502 682 mortali,
1529 607 1700 687 presertim

117 700 202 782 priori
230 697 329 780 cas'u,
358 703 412 765 uhi
440 703 551 767 sufficit
577 701 753 766 informatio
782 710 880 766 ιιιιι-
932 704 996 760 tam
1011 699 1193 779 pernicioso,
1214 703 1316 778 potest
1336 699 1404 781 quis
1426 699 1697 778 excommunicari,

117 794 275 873 judicialis.
933 811 1002 858 can.
1018 791 1111 856 Nemo
1124 792 1320 874 epsicoporum
1333 798 1365 857 et
1385 813 1454 858 can.
1479 791 1587 858 Nullus
1610 812 1700 856 saeu-

149 891 213 951 aaa.
236 887 312 950 Itan
325 891 356 952 in
369 907 457 952 cauco
471 887 638 953 dareta·
652 889 741 954 Fallit
756 898 837 952 secto
848 889 880 954 in
933 887 1041 950 dotum.
1059 889 1107 948 ll.
1124 904 1154 966 q.
1171 889 1201 948 3.
1219 906 1305 966 ergo.

115 997 201 1040 causa
223 979 373 1058 heresis,
400 982 526 1060 quando
553 989 680 1064 propter
709 983 880 1062 potentiam
972 983 1041 1043 433.
1064 979 1310 1062 Judeaeeeasficio
1320 979 1474 1062 prouidere
1487 977 1579 1058 dedet,
1595 1001 1630 1044 oe
1645 979 1701 1044 im·

114 1089 323 1154 personarum,
340 1077 452 1138 cantra
467 1095 544 1158 quas
558 1075 733 1156 inquiritur,
749 1076 880 1140 testibus
931 1070 1068 1154 palliatur
1089 1070 1240 1153 productio
1262 1070 1383 1135 testium.
1393 1105 1432 1120 -
1445 1073 1523 1136 Hinc
1541 1071 1645 1134 Abbas
1668 1073 1700 1134 iu

118 1185 202 1246 grave
215 1168 394 1248 perieulum
408 1167 569 1231 immInere
583 1169 698 1244 vident,
715 1168 880 1250 episeopus
933 1165 984 1226 cit.
1000 1181 1028 1227 c.
1047 1163 1228 1228 Camtitutis.
1252 1181 1284 1226 n.
1309 1169 1338 1228 l.
1359 1165 1391 1226 h.
1416 1171 1438 1228 t.
1463 1184 1500 1228 ex
1519 1167 1604 1227 textu
1619 1163 1700 1227 illius

118 1265 145 1320 et
156 1259 354 1340 inquisitores
368 1265 440 1344 quia
454 1271 527 1326 tune
540 1262 667 1324 nomina
677 1263 802 1326 testium
815 1280 879 1324 non
934 1265 1075 1320 notanter
1102 1259 1204 1332 inlert,
1229 1257 1314 1338 quod
1331 1257 1429 1340 judex
1452 1278 1490 1322 ex
1518 1258 1617 1322 officio
1642 1277 1699 1322 suo

117 1359 181 1412 sunt
193 1351 394 1431 publicanda,
412 1373 479 1437 cap.
499 1357 555 1420 ult.
577 1356 613 1420 de
632 1353 771 1418 Haretie.
793 1355 826 1416 in
846 1357 876 1418 6.
933 1351 1094 1433 pmvidere
1118 1353 1241 1428 debeat,
1265 1371 1306 1415 ne
1329 1353 1514 1435 impediatur
1537 1351 1700 1436 productio

117 1442 214 1522 sicque
229 1451 335 1507 cessat
348 1445 500 1526 depositio
522 1465 591 1528 cap.
614 1463 648 1510 11.
664 1445 696 1507 h.
712 1449 753 1522 t.;
775 1445 880 1508 nabas
934 1450 965 1505 et
986 1445 1122 1526 receptio
1146 1445 1281 1523 testium,
1307 1446 1364 1510 sed
1387 1447 1472 1510 salva
1495 1446 1535 1511 sil
1561 1445 1701 1528 partibus

118 1535 163 1596 cit.
178 1553 245 1616 cap.
261 1551 298 1598 11.
313 1553 347 1599 ι.
364 1539 393 1601 3.
410 1545 439 1600 et
454 1539 577 1602 Felinus
589 1539 663 1601 ibid.
679 1557 711 1600 ι.
729 1543 777 1602 ιι.
792 1539 825 1600 ιι.
842 1544 877 1611 t.;
932 1553 1038 1599 rerum
1060 1538 1202 1620 probatio
1218 1557 1226 1600 :
1243 1545 1275 1602 et
1292 1541 1317 1601 si
1338 1559 1428 1602 secus
1449 1541 1514 1620 fiat,
1534 1539 1632 1621 judex
1653 1556 1700 1602 ec·

119 1627 241 1688 Sociuus
255 1629 288 1692 d.
308 1647 377 1710 reg.
391 1631 880 1707 406.fallent.l;ltlascardusubi
933 1631 1121 1694 clesiastieus
1157 1631 1255 1713 possit
1292 1634 1560 1696 excommunicare
1604 1631 1700 1696 etiam

118 1739 211 1800 supra,
228 1737 262 1782 ι.
279 1725 331 1784 36.
348 1723 455 1786 etalii.
932 1723 1038 1803 laicos,
1055 1723 1107 1804 „vel
1130 1743 1342 1806 quoscumque
1361 1725 1565 1808 impedientes
1579 1729 1701 1809 partem

149 1815 215 1875 430.
237 1811 286 1875 Et
298 1815 416 1896 quaudo
426 1817 520 1900 judea
534 1816 596 1880 uult
607 1837 637 1882 se
650 1798 812 1900 infamare
833 1835 879 1878 su-

116 1923 161 1986 per
174 1907 301 1986 catomo,
317 1907 364 1969 uel
373 1907 466 1990 santa.
487 1911 537 1974 Vel
550 1911 625 1974 teab
640 1913 715 1974 alias
729 1911 879 1975 examr'ua·

120 2008 159 2059 tua
172 2000 274 2062 ite-um
287 2001 461 2084 producitur
481 2004 520 2068 ad
541 2004 748 2071 declarandum
768 2004 879 2068 dictum

117 2111 202 2154 naua
214 2127 255 2142 -
268 2095 360 2158 Fallit
372 2097 506 2178 septima,
520 2099 645 2178 qnando
656 2101 754 2182 judex
768 2101 832 2161 vult
846 2117 879 2160 se

119 2187 278 2251 informare
303 2208 397 2271 super
419 2193 550 2269 notorio,
576 2193 626 2255 vel
661 2193 775 2256 lama:
804 2195 879 2274 puta

120 2281 235 2360 quaudo
249 2283 364 2364 agitur,
384 2290 420 2346 ut
441 2285 624 2351 deveniatur
645 2287 686 2349 ad
708 2286 880 2366 inquisitio-

120 2393 185 2436 nem
199 2379 379 2457 specialem,
391 2378 480 2458 juxta
502 2400 529 2443 c.
555 2379 686 2458 Qualiter
699 2387 728 2443 et
750 2378 877 2463 moade.

121 2481 164 2541 ιι.
177 2473 213 2536 de
225 2475 364 2536 Accusat.
381 2473 454 2554 quia
467 2479 541 2537 tune
554 2479 657 2556 potest
669 2474 807 2556 recipere
820 2479 880 2538 tes·

122 2574 163 2632 les
175 2573 260 2648 parte
274 2585 339 2626 nau
355 2567 459 2632 citata.
476 2569 598 2632 Fetibus
613 2587 640 2634 c.
655 2569 694 2632 lu
706 2568 829 2632 nomiae.
845 2589 878 2632 ι.

122 2665 233 2734 l.b.t.;
250 2661 433 2722 Maecardus
446 2664 477 2724 d.
493 2665 590 2728 conci.
608 2669 676 2730 683.
693 2683 725 2726 ι.
742 2669 790 2728 45.
808 2666 881 2727 alle-

123 2774 192 2837 gans
204 2753 293 2816 alios.
309 2751 458 2834 Idemque
468 2756 645 2832 dicendum,
656 2758 781 2839 quando
795 2757 881 2821 testis

124 2849 190 2910 alias
204 2846 411 2924 examinatus,
433 2847 546 2912 iterum
566 2851 747 2934 producitur
766 2852 807 2913 ad
826 2851 881 2914 de·

125 2941 295 3004 derandum
309 2940 428 3002 dictum
441 2961 533 3004 suum
547 2962 556 3008 ε
573 2945 645 3026 quia
659 2945 691 3006 in
711 2943 765 3007 tali
779 2943 882 3006 decla-

124 3035 232 3096 ratione
246 3053 311 3096 non
325 3041 373 3097 est
383 3039 557 3100 necessaria
567 3039 663 3120 partis
676 3039 790 3102 citatio.
802 3039 883 3100 llas-

125 3127 226 3188 aardus
238 3127 299 3189 loc.
315 3127 367 3189 cit.
383 3147 415 3189 ι.
430 3131 480 3193 st.
496 3131 635 3214 allegans
657 3133 744 3194 alios.
766 3133 884 3194 Tacen·

125 3225 169 3278 ιιι
180 3219 245 3280 alia
259 3219 473 3296 limitationes,
482 3225 521 3285 de
532 3227 644 3306 quibus
659 3208 801 3289 ductores
815 3245 884 3307 pro·

125 3313 198 3373 nme
212 3313 319 3376 citati:
346 3333 420 3377 nam
443 3319 611 3397 premissae
636 3327 708 3385 sunt
729 3321 885 3402 principa-

128 3403 220 3478 liores,
236 3405 404 3486 minusque
419 3409 533 3474 dubie.

162 3497 226 3558 434.
248 3496 513 3562 Ecaommunicari
535 3513 647 3584 potest,
675 3505 729 3590 qui
750 3503 887 3588 impedire

128 3591 271 3668 prammit
282 3590 503 3673 producturam
524 3599 648 3662 testium.
668 3633 707 3647 —
727 3601 819 3680 Resp.
836 3601 883 3660 ιιι.

130 3683 246 3754 Quodsi
267 3703 341 3766 pars
366 3687 506 3765 adversa,
530 3694 579 3755 vel
598 3693 784 3774 quicumque
808 3691 887 3755 alius

129 3775 269 3855 impedire
298 3783 531 3860 presumpserit
562 3773 799 3866 productionem
828 3791 887 3846 tes·

131 3869 208 3947 bum,
223 3877 299 3933 tunc
313 3875 575 3938 excommunicari
584 3879 706 3959 poterit.
715 3879 829 3940 'lentus
840 3881 888 3938 est

131 3960 157 4020 in
169 3981 194 4023 e.
208 3962 391 4027 Canutitual.
405 3969 455 4028 45.
472 3967 504 4030 ιι.
521 3976 543 4031 t.
566 3969 619 4032 ubi
640 3971 778 4052 pontifex
798 3967 887 4036 inlel-

131 4055 209 4134 lecta,
225 4059 312 4138 quod
326 4061 466 4123 nonnulli
480 4065 592 4146 partim
607 4065 699 4126 minis
717 4068 749 4126 et
767 4061 888 4128 terrari-

133 4149 194 4227 bus,
208 4153 322 4233 partim
337 4161 457 4218 extorto
470 4157 644 4236 juramento
658 4158 697 4221 de
721 4177 784 4222 nan
804 4155 888 4220 taeti-

43 4289 45 4304 .
133 4242 241 4306 licando
255 4253 363 4309 contra
379 4265 479 4325 reum,
495 4255 591 4314 testes
613 4271 632 4314 a
652 4251 781 4314 ferendo
802 4249 889 4312 testi-

44 4391 45 4400 ,
134 4337 226 4400 monio
252 4359 360 4404 arcere
387 4343 578 4419 niterentur;
616 4363 654 4408 ex
695 4345 793 4406 allicio
832 4360 888 4404 suo

134 4434 288 4510 providere
301 4435 412 4498 uolens
432 4437 589 4500 mundavit
605 4445 640 4500 ut
654 4436 807 4519 generalis
821 4453 890 4498 sen·

136 4529 220 4590 tentia
233 4531 562 4596 excommunicationis
575 4533 693 4598 feratur
715 4533 747 4594 in
768 4547 887 4604 amaea,

138 4622 181 4698 qui
192 4621 445 4702 impedimentum
467 4625 591 4706 aliquod
614 4625 693 4707 parti
716 4625 750 4686 in
771 4623 885 4704 produ-

139 4719 232 4782 cendis
243 4718 378 4781 testibus
399 4725 548 4798 praestare
568 4718 821 4802 praesumpserint
837 4735 843 4776 :
860 4719 892 4779 el

137 4817 212 4874 ιιιιι
225 4811 328 4874 abbas
342 4812 373 4873 iu
389 4812 569 4893 Summurio,
581 4821 612 4876 et
624 4813 761 4882 Barbosa
775 4812 807 4872 in
820 4809 892 4875 Col·

932 1817 964 1880 in
986 1817 1175 1899 explicandis
1195 1819 1274 1896 illie,
1296 1837 1364 1900 qua
1380 1824 1452 1883 sunt
1462 1819 1579 1900 judicio
1594 1837 1700 1880 neces·

933 1911 1024 1974 saria.
1042 1913 1167 1984 Quodsi
1182 1913 1259 1974 tales
1273 1914 1454 1996 ignorantur
1468 1912 1500 1974 in
1514 1912 1631 1994 speeie,
1646 1928 1702 1972 no-

932 2008 1016 2068 tetur
1035 2005 1169 2086 practica
1193 2005 1224 2066 in
1246 2003 1276 2068 d.
1299 2027 1326 2072 c.
1351 2007 1533 2072 Constitutis.
1556 2007 1606 2070 45.
1627 2006 1660 2068 h.
1676 2012 1699 2068 t.

934 2097 1099 2174 insinuata,
1124 2106 1159 2162 ut
1181 2089 1299 2162 &ratur
1316 2101 1594 2165 excommunicatio
1609 2115 1703 2182 gene·

932 2191 1005 2251 ralis
1019 2189 1051 2251 in
1065 2191 1219 2271 quoslibet
1234 2193 1276 2253 ita
1290 2193 1507 2274 impedientes.

971 2285 1041 2346 433.
1066 2283 1144 2361 (laid
1171 2285 1327 2366 apendum,
1355 2285 1383 2348 si
1398 2295 1491 2350 'testea
1521 2279 1705 2370 producendi

932 2377 1035 2440 alima
1056 2377 1115 2440 u'ut
1130 2376 1372 2460 jurisdictionis?
1392 2379 1481 2446 Debet
1509 2389 1577 2442 tuuc
1603 2375 1704 2441 citatio

932 2488 1033 2532 eorum
1046 2470 1184 2552 expediri
1190 2491 1248 2553 per
1262 2471 1377 2534 litteras
1390 2471 1489 2536 mutui
1509 2483 1700 2554 compassus·

933 2566 1139 2637 -Quaeritur
1170 2565 1219 2629 Ill.
1248 2565 1329 2638 Quid
1356 2568 1523 2649 agendum,
1553 2565 1578 2628 si
1605 2572 1704 2629 testes

933 2656 1124 2739 producendi
1145 2657 1253 2720 alienoe
1276 2658 1336 2722 sint
1349 2659 1591 2740 jurisdictionis?
1606 2659 1701 2740 Resp.

934 2755 956 2815 I.
985 2751 1115 2825 Quando
1142 2755 1236 2816 testes
1268 2772 1332 2816 non
1350 2762 1423 2818 sunt
1453 2752 1585 2834 subjecti
1611 2751 1706 2833 juris-

934 2847 1062 2909 dictioni
1084 2845 1197 2926 judicie
1222 2847 1354 2925 citantis,
1371 2847 1427 2910 sed
1440 2847 1550 2910 aliena
1562 2845 1706 2926 jurisdic-

937 2939 1047 3014 tionis;
1076 2947 1150 3002 tunc
1178 2959 1287 3003 aarum
1317 2939 1421 3004 citatio
1448 2937 1586 3022 expediri
1613 2937 1706 3001 debet

936 3051 992 3114 per
1012 3031 1141 3111 litterae,
1162 3052 1240 3114 quas
1254 3035 1346 3116 vulgo
1367 3033 1465 3098 mutui
1475 3051 1640 3115 eompassus
1653 3050 1705 3112 ap-

936 3125 1063 3206 pellant,
1089 3125 1121 3188 in
1142 3127 1254 3207 quibus
1274 3129 1444 3209 requiritur
1465 3128 1560 3208 judex
1583 3145 1707 3206 compe·

937 3223 1016 3296 lens,
1046 3223 1081 3282 ut
1107 3227 1201 3283 testes
1224 3239 1288 3282 ιιι
1312 3221 1517 3303 jurisdictioni
1551 3219 1706 3302 subjectos

937 3312 1039 3373 mittat
1062 3311 1102 3374 ad
1124 3313 1228 3375 locum
1240 3313 1360 3394 judicii,
1375 3314 1408 3376 iu
1423 3333 1484 3396 qua
1500 3331 1607 3376 eorum
1621 3311 1708 3375 testi·

939 3405 1078 3466 monium
1092 3405 1297 3470 desideratur.
1314 3409 1359 3471 lta
1372 3409 1471 3489 Eugel
1485 3409 1518 3472 h.
1534 3413 1556 3469 l.
1573 3423 1604 3468 n.
1621 3409 1650 3468 ι.
1669 3405 1707 3466 Et

939 3497 1018 3559 ratio
1042 3502 1089 3561 est
1110 3519 1117 3560 ι
1140 3500 1212 3580 quia
1235 3502 1418 3564 necessariae
1440 3500 1638 3583 probationes
1656 3496 1707 3560 de·

938 3589 1014 3652 bant
1026 3589 1094 3652 lieri
1109 3609 1214 3653 coram
1225 3592 1342 3672 judice,
1359 3593 1411 3673 qui
1432 3594 1561 3674 praestet
1577 3588 1707 3671 judicio,

939 3681 961 3746 l.
980 3683 1209 3767 Quinquaginta.
1230 3685 1262 3748 n.
1284 3685 1319 3748 de
1332 3685 1456 3748 Probat.
1476 3687 1515 3747 Et
1528 3684 1593 3764 ipse
1609 3681 1708 3744 omni-

940 3777 999 3839 bus
1012 3779 1071 3840 rite
1082 3778 1253 3840 observatis
1263 3782 1388 3841 tenetur
1397 3779 1583 3852 existimare,
1593 3780 1709 3856 quauta

940 3871 1017 3934 fides
1040 3871 1170 3934 testibus
1192 3875 1231 3934 sil
1252 3873 1439 3948 adhibenda,
1454 3873 1476 3934 l.
1493 3877 1523 3936 3.
1539 3871 1557 3950 ἓ
1572 3867 1706 3952 ideoque·

940 3965 973 4027 ff.
997 3965 1030 4026 b.
1053 3969 1076 4027 t.
1101 3964 1184 4027 Istud
1208 3969 1314 4028 autem
1337 3965 1470 4028 obtineri
1489 3982 1551 4024 non
1570 3966 1708 4044 potesta

940 4057 1070 4119 testibus
1093 4055 1205 4119 alienae
1230 4057 1434 4136 jurisdictioni
1462 4053 1619 4134 subjectis,
1648 4052 1708 4113 nisi

940 4169 997 4231 per
1016 4153 1205 4212 memoratas
1218 4149 1347 4230 litterae,
1360 4147 1495 4232 petendo
1510 4147 1647 4228 ipsorum
1661 4164 1710 4207 re·

942 4243 1121 4306 missionem
1145 4261 1164 4304 a
1185 4243 1309 4324 proprio
1333 4261 1442 4305 eorum
1462 4240 1566 4324 judice
1588 4257 1595 4300 :
1616 4235 1710 4318 siqui·

943 4335 1015 4399 dem
1025 4335 1201 4400 citationan
1212 4335 1336 4402 subditi.
1353 4335 1466 4398 nullius
1480 4340 1528 4397 est
1541 4331 1707 4406 momenti3

944 4449 1017 4494 oum
1045 4437 1130 4494 extra
1152 4429 1341 4492 territorium
1361 4429 1413 4508 jus
1433 4425 1559 4500 dIcenti,
1583 4423 1709 4504 impune

942 4541 1006 4585 uon
1021 4532 1177 4604 pareatur,
1193 4523 1214 4584 l.
1232 4523 1287 4584 ult.
1303 4523 1336 4582 ff.
1352 4520 1387 4584 de
1400 4518 1554 4584 iurisdict.
1570 4538 1648 4580 ama.
1657 4514 1712 4600 ju-

944 4618 1001 4680 die.
1019 4623 1049 4680 et
1063 4637 1131 4700 cap.
1147 4617 1203 4679 ult.
1219 4615 1254 4678 de
1268 4614 1392 4678 Constat.
1408 4615 1440 4676 in
1454 4617 1483 4677 6.
1501 4631 1586 4696 ergo.

984 4711 1053 4772 434.
1076 4709 1134 4774 His
1146 4729 1205 4772 aaa
1218 4707 1329 4790 iudt'pet
1346 4708 1493 4792 ept'aaopus
1514 4706 1545 4767 ia
1561 4703 1653 4766 causis
1671 4719 1714 4765 aa·

944 4804 1109 4867 cleeiastiais
1123 4805 1214 4865 citans
1229 4811 1310 4865 testes
1332 4801 1418 4864 laicos
1439 4818 1499 4862 sua
1521 4797 1667 4874 diecula·
1686 4801 1715 4857 et

140 4903 228 4965 batua
256 4903 331 4966 ibid.
353 4922 386 4966 ι.
413 4907 442 4968 ι.
468 4910 499 4968 ιι
520 4908 693 4970 communis
719 4906 889 4968 doctorum.
945 4897 1022 4964 aar?
1045 4897 1210 4981 Episcopus
1228 4905 1270 4958 est
1288 4895 1456 4958 ordinariae
1474 4893 1561 4955 totius
1575 4889 1712 4954 dioecesis.

141 4997 894 5078 tusdilratio',quiaoccultareventateminulte-
946 4993 1132 5057 -Additur
1153 4995 1308 5068 notanter,
1346 5013 1361 5049 a
1384 4989 1509 5070 quando
1531 4993 1625 5049 testes
1650 5000 1714 5044 non

141 5092 428 5174 riuspreejudicium‚
444 5092 518 5155 dum
533 5095 602 5174 quis
616 5093 752 5175 legitime
770 5089 891 5153 induci·
948 5093 1019 5150 sunt
1059 5085 1189 5166 subjecti
1228 5083 1436 5164 jurisdictioni
1474 5081 1586 5164 judicie
1621 5078 1716 5182 aitan-

142 5187 184 5246 tur
196 5187 232 5247 ad
244 5185 485 5265 testificandum,
501 5196 548 5252 est
567 5193 730 5271 peccatum
750 5186 891 5264 mortale,
948 5182 1028 5256 tis,o
1047 5187 1105 5243 etc.
1122 5181 1198 5242 Gum
1214 5180 1296 5242 enim
1311 5175 1474 5260 episcopus
1490 5173 1527 5236 sit
1542 5171 1717 5275 ordinarius

144 5279 451 5362 scaramantico.
468 5285 515 5346 ιι.
533 5286 643 5364 quast.
660 5285 690 5345 3.
714 5297 789 5362 ergo
810 5278 894 5341 idem
949 5277 1043 5340 totius
1065 5275 1218 5338 diaecesis.
1245 5272 1350 5334 Abbas
1370 5271 1403 5332 in
1426 5269 1528 5350 Repet.
1552 5285 1579 5327 c.
1603 5262 1639 5370 dt
1653 5279 1718 5366 ques

145 5365 295 5433 licendum
308 5371 348 5434 da
364 5389 413 5449 eo,
429 5373 482 5453 qui
496 5373 646 5436 malitiose
661 5371 821 5452 presumit
838 5370 897 5430 im·
949 5376 1062 5431 caetra.
1086 5385 1117 5430 n.
1140 5369 1190 5430 44.
1214 5364 1251 5429 de
1263 5363 1342 5428 Foro
1355 5368 1476 5442 cornpet.
1492 5359 1592 5436 Atque
1606 5369 1673 5434 lpse
1686 5369 1720 5413 m

147 5463 240 5541 pedire
260 5465 423 5528 alterumn
445 5465 575 5530 terendo
597 5463 798 5529 testimonio:
824 5479 895 5526 narn
952 5463 1089 5546 quolibet
1103 5463 1171 5525 loco
1190 5479 1254 5524 ιιι
1270 5449 1412 5521 dioecesis
1427 5471 1489 5514 non
1505 5455 1649 5528 exempto
1664 5463 1722 5528 per

149 5555 290 5640 iacientes,
315 5566 347 5624 el
369 5562 599 5628 consentientes
621 5559 687 5644 pari
710 5577 803 5642 poeua
824 5565 897 5624 sunt
955 5577 1001 5636 se,
1018 5557 1067 5621 vel
1081 5575 1137 5642 per
1150 5552 1245 5620 aliurn
1260 5552 1355 5636 possit
1369 5567 1425 5632 pro
1441 5543 1585 5610 tribunali
1601 5541 1721 5620 sedere,

349 5683 385 5736 ra
1118 5707 1119 5719 .
1496 5655 1516 5717 ι
