4064 6062
315 287 374 348 tta
581 287 652 348 LIB.
675 289 709 348 II.
733 288 941 350 DECRETAL.
964 289 1033 350 TIT.
1056 288 1158 350 XXIII.
1182 289 1231 348 ou
1251 287 1625 352 PRAESUMP'IIONIBUS.

355 423 404 482 63.
427 419 516 483 Sacas
528 420 560 481 r'n
573 418 773 482 criminalibus
782 420 973 483 criminaliter
980 419 1076 484 motis.
1131 421 1348 501 excipiuntur:
1374 439 1463 484 secus
1481 421 1648 484 dicendum
1667 422 1707 484 de
1731 421 1805 484 solis
1818 440 1898 504 prn-

314 547 354 558 —
367 513 519 584 Quaeritur
531 515 566 576 ll.
584 515 694 576 Utrum
709 515 801 574 etiam
817 513 848 574 in
863 514 964 576 causis
978 513 1078 575 crimi-
1131 514 1367 597 sumptionibus,
1378 515 1574 595 quantamvis
1589 515 1837 578 vehementibus.

314 605 437 666 nulibus
464 607 561 687 possit
588 626 625 668 ex
657 607 967 686 presumptionibus,
1006 605 1077 667 ferri
1168 607 1310 670 Instabis.
1326 607 1399 670 inc.
1416 606 1587 686 Affertm.
1604 611 1677 670 etc.
1693 609 1825 670 Litteris.
1849 613 1896 670 tu.

315 701 486 762 sententiat
501 703 593 780 Hesp.
603 703 625 764 I.
639 703 682 760 Ex
693 691 1084 779 solispraesumptionibas,'
1132 704 1163 761 et
1176 717 1204 762 c.
1222 699 1317 762 Tertio
1331 699 1399 760 bro.
1419 702 1467 761 t3.
1483 700 1515 760 h.
1532 707 1555 762 t.
1566 699 1805 763 habentursolae
1821 718 1899 779 prae-

315 794 407 857 etiam
422 794 670 869 vehementibus,
693 812 784 854 nemo
807 793 840 854 in
862 811 955 855 causa
976 792 1077 854 crimi-
1131 792 1333 873 sumptiones,
1349 797 1499 857 ettamen
1515 793 1625 854 axillis
1639 794 1700 855 lata
1715 797 1763 856 est
1777 800 1900 855 senteu-

314 887 376 948 nali
408 887 607 949 criminaliter
636 893 719 948 mota
741 885 996 946 condemnandus
1017 891 1074 945 est.
1130 885 1193 959 tia3
1222 903 1297 967 ergo
1320 887 1405 948 nulla
1429 887 1551 950 solutio.
1576 888 1668 966 Resp.
1692 906 1764 967 neg.
1791 905 1899 948 conse-

314 980 358 1040 Ita
371 981 543 1041 Facbiueus
558 980 608 1041 cit.
623 979 676 1039 lib.
692 981 714 1039 l.
733 977 989 1060 Controuersjnr.
1005 996 1074 1059 cap.
1131 986 1236 1058 quent.
1267 980 1343 1051 Quin
1371 999 1398 1042 c.
1427 980 1553 1061 Afferte.
1577 981 1712 1060 loquitur
1734 981 1773 1042 de
1797 979 1900 1042 causis

313 1089 399 1147 xxm
416 1072 594 1135 Massardus
608 1071 644 1134 de
659 1071 779 1134 Probat.
804 1073 902 1134 concl.
927 1076 1018 1151 1228,
1042 1091 1074 1134 n.
1130 1071 1281 1147 civilibus,
1296 1073 1454 1152 inquibus
1468 1091 1559 1153 posse
1574 1073 1647 1136 terri
1657 1074 1848 1136 seutentiam
1862 1093 1899 1136 ex

313 1167 362 1227 73.
386 1170 417 1229 et
435 1184 522 1245 seqq.
544 1183 615 1227 cum
636 1165 704 1226 aliis
726 1167 857 1243 docens,
878 1166 962 1245 quod
983 1182 1076 1226 nemo
1130 1165 1371 1245 praesumptione
1395 1167 1540 1241 violenta,
1570 1167 1649 1229 ultro
1678 1166 1862 1230 conceditur
1891 1186 1897 1226 :

312 1261 409 1342 possit
432 1279 470 1321 ex
491 1260 737 1340 quibuscumque
752 1259 976 1340 urgentissimis
999 1275 1076 1338 prae·
1130 1275 1219 1318 secus
1233 1257 1399 1320 dicendum
1413 1259 1444 1320 iu
1458 1259 1560 1320 causis
1574 1259 1784 1321 criminalibus
1798 1259 1901 1320 crimi-

313 1351 552 1432 sumptionibus‚
569 1355 601 1414 et
614 1351 798 1429 conjecturis
818 1349 1020 1412 condemnari
1035 1349 1074 1411 de
1130 1349 1240 1412 naliter
1253 1351 1354 1430 motis,
1366 1351 1536 1432 prasertim
1546 1353 1599 1413 ubi
1609 1353 1761 1433 agiturad
1770 1369 1899 1432 poenam

313 1444 464 1506 maleficio
483 1463 578 1525 poeua
598 1445 701 1525 aliqua
726 1444 904 1523 corporali:
929 1441 1012 1522 quia,
1042 1445 1076 1504 ut
1129 1443 1299 1524 sanguinis.
1324 1445 1476 1526 Intellige,
1506 1445 1565 1506 nisi
1592 1443 1697 1506 lorsan
1724 1461 1900 1526 presump-

312 1537 381 1616 quis
395 1539 630 1613 condemnetur,
655 1543 687 1602 et
708 1539 854 1618 puniatur
868 1537 907 1598 de
922 1534 1073 1598 maleficio
1129 1537 1228 1598 tiones
1247 1538 1349 1600 forent
1368 1537 1604 1619 urgentissime,
1625 1557 1681 1599 seu
1699 1545 1773 1600 orta
1797 1555 1836 1600 ex
1852 1539 1901 1598 in-

316 1632 525 1708 criminaliter,
542 1631 656 1694 debent
663 1633 919 1713 praesumptiones
926 1648 994 1693 esse
1008 1630 1074 1692 vio·
1128 1630 1215 1692 diciis
1230 1631 1421 1710 indubitatis,
1438 1640 1469 1695 et
1490 1633 1558 1695 luce
1580 1632 1779 1707 clarioribus;
1803 1638 1900 1712 prout

311 1723 415 1799 lenta,
432 1732 462 1788 et
476 1727 519 1786 sic
532 1745 552 1786 a
565 1728 635 1808 lege
649 1727 840 1807 approbatas,
856 1727 905 1788 vel
919 1725 1069 1800 inductae3
1123 1725 1190 1804 jana
1214 1725 1474 1806 exemplificatum
1496 1733 1542 1788 est
1569 1727 1600 1788 in
1628 1725 1792 1799 adulterio,
1820 1724 1898 1783 dum

311 1835 375 1877 non
398 1825 503 1881 autem
522 1821 714 1898 verisimiles,
731 1827 760 1883 et
779 1820 967 1901 probabiles,
983 1826 1074 1899 prout
1126 1837 1206 1880 uxor
1237 1821 1392 1900 reperitur
1426 1819 1552 1900 gravida
1586 1807 1713 1882 absente
1745 1818 1809 1879 viro
1840 1835 1900 1896 per

311 1921 382 1974 suut
395 1913 529 1976 hominis
542 1917 815 1996 praesumptioues,
831 1931 900 1994 quae
916 1931 979 1974 non
994 1913 1072 1974 adeo
1126 1931 1256 1986 aunum,
1280 1919 1334 1976 aut
1356 1913 1533 1992 hujusmodi
1560 1931 1568 1973 ε
1591 1917 1666 1974 tunc
1688 1909 1771 1972 enlm
1793 1914 1899 1987 potest

308 2007 488 2070 iudubItatae
511 2014 593 2084 sunt,
618 2010 692 2089 quia
710 2009 897 2089 quandoque
911 2006 1072 2068 solllcitam
1125 2007 1222 2088 indigi
1237 2025 1331 2086 poena
1351 2005 1505 2069 ordinaria
1524 2013 1809 2086 quantumcumque
1828 2021 1899 2062 ma-

308 2101 532 2165 dubitationem
556 2120 681 2183 semper
701 2103 862 2183 recipiant.
883 2104 928 2164 ltu
941 2103 1072 2164 Muscas·
1126 2102 1220 2175 xima,
1235 2101 1286 2163 cit.
1302 2101 1324 2162 l.
1339 2103 1395 2163 ult.
1412 2119 1440 2162 c.
1455 2100 1628 2165 deProbat.
1644 2103 1777 2162 acuatat
1790 2096 1897 2159 Abhos
2016 2101 2017 2182 t

307 2193 366 2255 dus
395 2196 491 2258 citans
520 2195 627 2277 plures
652 2197 742 2260 alios.
771 2196 921 2260 llamdem
947 2195 1072 2258 conclu·
1126 2209 1153 2252 c.
1169 2191 1293 2272 Asserte.
1310 2212 1342 2254 u.
1359 2197 1388 2255 6.
1405 2194 1437 2255 h.
1453 2195 1476 2255 t.
2016 2212 2017 2278 ι

307 2287 427 2350 sionem
451 2290 616 2352 novissime
637 2297 721 2356 tenet
742 2292 841 2372 Engel
859 2292 891 2355 h.
908 2298 929 2353 t.
948 2311 978 2352 n.
995 2293 1025 2352 t.
1041 2294 1073 2352 et
1166 2288 1213 2350 Ad
1227 2307 1254 2350 c.
1270 2289 1401 2352 Litora.
1419 2294 1451 2352 et
1464 2307 1491 2352 c.
1506 2286 1601 2350 Tertio
1611 2288 1681 2350 laco.
1694 2288 1727 2349 h.
1739 2292 1761 2349 t.
1774 2284 1828 2345 ubi
1837 2303 1896 2366 per
2016 2325 2017 2358 ι

307 2381 434 2464 Pirhiug
456 2385 526 2449 eod.
543 2407 574 2448 n.
595 2390 643 2450 te.
666 2387 699 2447 id
722 2394 825 2448 tamen
843 2386 989 2462 limitans,
1012 2383 1071 2445 nisi
1125 2383 1292 2445 violentam
1302 2383 1576 2464 praesumptionem
1586 2382 1735 2463 probatur
1744 2379 1895 2442 delictum
2016 2425 2017 2450 ι

307 2477 505 2554 conjectura,
530 2497 586 2540 seu
608 2477 865 2558 praesumptiones
893 2478 955 2541 siut
981 2477 1071 2540 valde
1125 2475 1238 2553 carnis,
1254 2476 1332 2538 adeo
1346 2481 1381 2537 ut
1397 2475 1429 2536 iu
1442 2475 1536 2554 priori
1551 2476 1620 2537 loco
1639 2473 1733 2534 tuerit
1744 2473 1807 2534 lata
1822 2489 1897 2532 seu-
2016 2543 2017 2546 Ἴ

306 2569 461 2646 violentae,
472 2578 503 2633 et
514 2573 736 2652 urgentissime
754 2589 761 2632 ι
785 2571 861 2649 sivo,
884 2578 919 2633 ut
932 2572 1071 2650 loquitur
1124 2567 1219 2630 tentia
1234 2567 1357 2630 divortii
1371 2567 1475 2646 quoad
1489 2567 1614 2630 thorum
1633 2566 1714 2628 inter
1730 2563 1893 2644 conjuges,
2016 2565 2017 2634 Q

306 2663 403 2744 Eugel
417 2684 448 2726 n.
464 2665 949 2740 5.nisiiudiciasiutindubitatu,
962 2665 1070 2728 etluoe
1125 2660 1157 2721 in
1186 2661 1323 2723 secundo
1346 2665 1451 2724 autem
1474 2661 1631 2722 declarata
1652 2657 1745 2720 tuerit
1767 2657 1894 2719 nullitas
2016 2685 2017 2740 j

305 2755 446 2834 clariora,
463 2775 518 2818 seu
532 2757 616 2830 talla,
633 2776 702 2837 quaa
717 2757 906 2820 evidentiam
920 2759 964 2820 rei
979 2759 1071 2820 indu·
1124 2754 1323 2832 matrimonii,
1340 2771 1395 2816 seu
1410 2754 1600 2832 sponsalium
1609 2754 1649 2816 de
1659 2751 1805 2835 praesenti
1818 2768 1895 2812 con·
2016 2777 2017 2820 3

306 2857 396 2924 cunt,
413 2858 505 2932 prout
518 2853 562 2930 fit,
578 2853 606 2914 si
619 2851 728 2914 marito
743 2871 927 2933 perannum
941 2853 1070 2916 absente
1124 2852 1292 2910 tractorum
1309 2869 1316 2910 :
1332 2847 1499 2928 respondet
1523 2849 1621 2928 Engel
1642 2847 1673 2908 b.
1695 2851 1718 2910 t.
1740 2864 1773 2906 n.
1796 2849 1826 2908 5.
1850 2843 1894 2906 ibi
2016 2877 2017 2934 ,

306 2961 382 3004 uxor
396 2945 521 3024 gravida
536 2947 721 3025 reperiatur.
1124 2941 1324 3004 intervenisse
1338 2941 1451 3004 indicia
1461 2941 1631 3005 indubitata
1641 2941 1759 3022 peccati
1769 2939 1893 3002 carnis:

345 3041 395 3099 tt.
417 3037 463 3100 Et
475 3037 562 3119 bajus
575 3039 662 3102 ratic.
685 3073 725 3088 -
752 3039 840 3101 Ratio
864 3040 1069 3104 conclusionIs
1124 3033 1197 3097 talia
1220 3037 1313 3112 enim,
1341 3055 1409 3116 quae
1432 3036 1548 3102 ibidem
1570 3043 1781 3113 recensentur,
1806 3035 1895 3094 suffi-
2016 3027 2017 3078 ἶ

304 3133 407 3194 talibas
421 3132 578 3196 declarata
598 3142 654 3213 est,
677 3133 750 3214 quia
765 3135 795 3195 in
809 3135 911 3196 causis
926 3135 1070 3197 crimina·
1123 3131 1256 3192 cientem
1270 3130 1460 3192 constituunt
1474 3131 1698 3209 probationem,
1715 3129 1851 3190 maxime
1861 3129 1893 3190 iu
2016 3125 2017 3204 ]

304 3224 385 3287 llbus
404 3205 601 3288 crlmInaliter
620 3230 722 3304 motis,
740 3232 774 3291 ut
795 3229 892 3308 possit
909 3246 981 3290 reus
996 3247 1070 3290 con·
1123 3222 1243 3285 delictis
1264 3223 1450 3299 carnalibus,
1475 3223 1598 3284 nonnisi
1621 3222 1653 3285 in
1676 3229 1795 3284 secreto
1816 3239 1893 3284 oon·
2016 3255 2017 3284 ;

305 3319 455 3396 demuari,
480 3321 681 3399 requiruntur
699 3321 898 3402 probationes
919 3324 987 3384 luce
1010 3323 1075 3384 ola
1124 3319 1272 3378 summani
1294 3317 1401 3392 solitis,
1426 3334 1463 3379 ac
1483 3317 1613 3396 proinde
1634 3315 1799 3392 difficulter
1820 3333 1895 3394 pro·
2016 3383 2017 3392 ἦ

304 3413 413 3484 riores
438 3415 458 3475 l.
484 3413 539 3476 ult.
564 3434 592 3478 c.
617 3415 652 3478 dc
669 3415 789 3478 Probat.
806 3416 867 3478 ibi:
888 3419 1068 3480 ‹lustrueta
1123 3411 1242 3473 bandis.
1259 3410 1402 3483 Qatnimo
1417 3411 1575 3473 iudiciuin
1591 3411 1641 3472 eit.
1658 3428 1686 3473 c.
1710 3408 1807 3472 Tertio
1821 3409 1891 3470 loco.

303 3503 505 3583 apertissImis
518 3506 722 3584 documentis,
740 3511 787 3570 vel
802 3510 925 3572 indiciis
939 3512 979 3572 ad
998 3529 1069 3592 prc—
1122 3506 1154 3568 h.
1171 3513 1191 3569 t.
1208 3507 1317 3583 relata,
1334 3509 1443 3569 saltem
1461 3505 1652 3585 conjunctim
1667 3509 1806 3586 accepta,
1827 3505 1895 3566 eri-

303 3595 460 3658 bationem
473 3598 663 3680 indubitatis,
686 3609 716 3663 et
734 3603 803 3664 luce
821 3603 1004 3666 clarioribus
1018 3624 1068 3666 ex·
1122 3600 1258 3662 dentiam
1272 3599 1344 3662 facti
1358 3601 1560 3672 induxeruut;
1576 3618 1614 3662 eo
1629 3599 1713 3679 quod
1727 3600 1894 3661 accesserit

304 3691 418 3770 pedita.
439 3715 453 3752 n
481 3693 626 3773 Alioquin
648 3696 732 3756 enlm
754 3703 879 3774 prestat
901 3703 1068 3762 nocentem
1118 3694 1234 3774 jurata,
1251 3702 1281 3756 ct
1292 3694 1446 3773 judicialis
1461 3691 1893 3769 confessioutriusquepartIs

303 3785 469 3862 dimittere,
499 3805 593 3864 quam
620 3787 819 3851 innocentem
847 3792 1013 3868 damnare,
1044 3794 1064 3854 l.
1121 3790 1161 3850 de
1188 3797 1315 3870 peccato
1338 3791 1438 3851 caruis
1463 3791 1537 3851 aute
1562 3785 1792 3850 matrimonium
1819 3804 1893 3848 oum

301 3877 466 3941 Absentem.
482 3881 515 3942 ff.
532 3881 687 3944 choenia.
702 3883 821 3945 Deinde
834 3885 970 3965 idipsum
985 3887 1067 3948 clare
1120 3891 1213 3962 nepte
1241 3901 1361 3963 sponsae
1390 3887 1566 3963 perpetrato
1595 3901 1602 3942 :
1633 3879 1789 3958 slmulque
1815 3877 1892 3940 illud

302 3973 473 4035 desumitur
487 3995 525 4035 ex
539 3994 566 4038 c.
582 3976 710 4038 litteras
723 3987 842 4041 vestas.
859 3985 907 4043 ta.
923 3982 955 4044 h.
972 3988 994 4044 t.
1011 3980 1065 4042 ubi
1126 3977 1386 4040 «nundinaretur
1401 3977 1570 4050 orantum.
1591 3974 1646 4036 Sed
1667 3972 1756 4054 quasi
1777 3972 1892 4054 ΡΜ·

301 4067 439 4146 pontifex
457 4071 715 4148 aproptersolam
726 4073 943 4152 suspicionem,
957 4092 1065 4153 quam-
1120 4073 1243 4132 caretur
1271 4089 1289 4131 a
1316 4070 1457 4151 pluribus
1485 4067 1706 4142 manifestum,
1743 4091 1758 4127 n
1797 4075 1891 4148 prout

300 4161 347 4222 vis
360 4161 588 4236 vehementem,
600 4165 699 4226 noluit
709 4164 845 4243 aliquem
854 4167 894 4228 de
904 4175 967 4229 tam
977 4167 1065 4246 gravi
1120 4161 1280 4242 subjungit
1293 4169 1404 4226 textus.
1420 4161 1509 4224 Unde
1522 4177 1586 4221 non
1599 4160 1723 4238 mirum,
1740 4161 1826 4239 quod
1840 4177 1891 4220 se-

300 4255 428 4317 crImine
442 4255 582 4335 (haeresis
596 4257 748 4338 videlicet)
763 4261 974 4335 condemnari,
992 4283 1006 4322 a
1026 4263 1065 4324 de
1119 4265 1191 4318 outa
1213 4256 1306 4319 tuerit
1329 4254 1481 4318 sententia
1503 4271 1597 4333 super
1618 4253 1757 4314 nullitate
1781 4252 1890 4316 matri·

300 4363 362 4425 quo
386 4349 490 4408 tamen
517 4345 620 4410 tuerat
650 4350 850 4429 praesumptio
872 4351 1061 4430 vehemens,
1119 4348 1217 4410 monii
1230 4349 1391 4412 contracti.

295 4441 384 4519 juxta
399 4441 619 4519 summarium,
637 4447 668 4505 et
681 4443 824 4505 doctores
839 4443 913 4506 ibid.
1157 4447 1206 4508 68.
1231 4443 1378 4525 Confessio
1400 4443 1569 4525 conjugum,
1588 4439 1641 4522 qm
1658 4438 1791 4520 latentur
1809 4437 1890 4518 qnod

336 4537 387 4610 65,
403 4537 442 4596 66
456 4540 487 4596 et
499 4539 549 4598 67.
567 4527 728 4598 Solvuntur
741 4537 898 4601 matraria.
922 4573 961 4586 —
983 4540 1064 4620 Obji-
1118 4537 1251 4619 affinitas
1261 4539 1443 4620 praecesserit
1460 4533 1677 4598 matrimonium
1697 4551 1756 4594 aon
1775 4531 1891 4613 sufficit

297 4629 360 4692 cies
388 4635 493 4690 contra
521 4629 601 4692 banc
629 4633 873 4711 conclusionem,
904 4631 1062 4695 afferendo
1117 4631 1158 4694 ad
1178 4651 1276 4694 coram
1297 4633 1526 4715 separationem,
1551 4637 1579 4692 et
1601 4626 1742 4710 quando?
1764 4659 1803 4674 -
1826 4629 1890 4688 Nec

296 4719 532 4782 tundamentum
547 4721 697 4800 opposita
713 4724 885 4786 sententia.
909 4727 943 4786 ln
965 4726 1063 4789 relata
1118 4725 1234 4805 obstat,
1264 4727 1347 4806 quod
1369 4726 1507 4806 alioquin
1529 4723 1681 4786 confessio
1705 4722 1888 4802 conjugum,

296 4811 317 4873 I.
334 4813 389 4873 ult.
406 4831 434 4874 c.
449 4810 485 4874 de
506 4813 626 4876 Probat.
649 4833 795 4896 expresse
815 4817 942 4896 dicitur,
968 4819 1063 4880 etiam
1117 4819 1169 4896 qui
1182 4816 1329 4894 latentur,
1345 4819 1429 4899 quod
1451 4817 1585 4880 affinitas
1607 4813 1801 4895 praecesserit
1823 4831 1888 4874 rnn-

294 4905 407 4967 iudicia
421 4905 562 4967 sufficere
593 4925 683 4986 posse
708 4909 747 4970 ad
771 4909 1062 4974 condemnationem
1116 4913 1306 4990 trimoniam,
1330 4932 1393 4974 non
1414 4913 1545 4974 sufficIat
1567 4909 1607 4972 ad
1630 4927 1740 4972 corum
1763 4925 1889 4988 separa·

293 4999 324 5058 in
339 5017 432 5060 causa
446 4999 615 5073 criminali;
632 5018 718 5080 ergo.
735 5003 829 5083 Resp.
844 5005 973 5066 Tantum
990 5004 1063 5066 alle·
1116 5007 1243 5082 tionem,
1259 5025 1299 5068 ne
1314 5007 1418 5069 forsan
1433 5005 1590 5068 colludant
1604 5009 1711 5066 contra
1725 5002 1889 5064 matrimo-

293 5098 399 5170 gatum
421 5092 506 5172 loqui
530 5095 725 5157 solummodo
752 5119 766 5155 ιι
780 5097 819 5158 de
835 5097 958 5159 indiciis
973 5096 1062 5160 indu·
1116 5101 1212 5177 nium,
1229 5119 1256 5162 a.
1273 5101 1371 5182 Super
1390 5119 1433 5162 eo.
1453 5103 1483 5162 5.
1513 5119 1527 5158 ιι
1541 5100 1585 5159 De
1600 5115 1650 5172 eo,
1665 5096 1718 5177 qai
1739 5095 1889 5177 coguovit

291 5183 405 5264 bitatis,
422 5191 453 5250 et
466 5188 534 5251 luae
550 5188 730 5251 clarioribus
747 5210 754 5251 :
771 5211 787 5250 u
805 5193 899 5270 quale
913 5193 1012 5267 foret,
1035 5207 1061 5267 si
1115 5195 1317 5274 consanguin.
1334 5219 1348 5256 n
1375 5197 1466 5273 Resp.
1490 5194 1585 5268 enim,
1608 5192 1692 5272 quod
1712 5191 1780 5253 hac
1802 5209 1884 5269 proe-

292 5279 400 5341 marito
414 5299 469 5360 per
483 5301 601 5344 aunum
615 5282 744 5345 absente
768 5303 846 5346 uxor
866 5287 996 5365 gravida
1011 5305 1058 5348 re·
1115 5288 1250 5370 sumptio
1263 5287 1440 5350 collusionis
1454 5287 1622 5350 cessaverit
1634 5287 1666 5348 in
1677 5287 1728 5348 cit
1742 5303 1771 5346 c.
1791 5283 1819 5346 T
1813 5285 1888 5345 ertrb

290 5371 439 5446 perlatum
455 5375 529 5436 talia
543 5377 625 5437 enlm
639 5375 953 5452 indiciaindubitata,
974 5377 1060 5441 luae·
1115 5381 1185 5444 loco.
1209 5382 1239 5444 b.
1264 5389 1286 5442 t.
1311 5401 1384 5444 oum
1405 5383 1448 5445 ibi
1475 5383 1625 5462 ujuvenis
1648 5380 1743 5442 nollet
1766 5378 1807 5440 ab
1831 5397 1883 5450 ea,

291 5478 351 5539 que
365 5465 509 5540 clariora,
535 5465 566 5528 iu
588 5470 660 5534 data
683 5469 882 5534 conclusione
908 5490 1059 5551 expresse
1116 5493 1208 5554 quam
1222 5477 1472 5556 desponsaverat,
1489 5476 1676 5556 saporam»
1697 5481 1729 5536 ut
1743 5473 1886 5554 loquitur
