3994 6050
298 155 358 224 488
483 153 554 216 tta.
576 153 624 215 lll.
645 149 857 216 numerat.
878 147 949 212 Tl'l'.
971 148 1008 210 V.
1030 147 1084 214 uti
1102 145 1329 215 raabam
1348 147 1398 212 ΕΤ
1417 146 1687 216 mutuamus

300 295 332 353 et
352 291 415 354 lete
436 286 531 351 tradit
554 285 727 349 llverardus
749 285 781 346 ιἰι
803 285 892 365 Loco,
907 287 935 350 A
950 287 1063 370 dleetu
1117 291 1225 364 estque
1249 301 1287 346 ex
1309 281 1449 363 prolesso
1471 282 1590 348 dictum
1612 302 1705 366 snpra
1717 286 1768 351 lib.
1781 293 1803 352 l.
1817 292 1860 356 lit.

197 453 202 462 ,
300 385 414 466 suma,
431 400 462 445 n.
478 385 507 442 2.
524 378 598 443 etit.
617 395 757 458 aoseqq.
774 381 900 446 Garoias
913 381 964 446 eit.
981 385 1062 461 part.
1115 381 1165 443 lll.
1189 378 1234 441 De
1255 376 1424 459 descriptis.
1449 376 1468 460 5
1489 381 1519 452 'l,
1542 395 1576 439 n.
1606 381 1660 444 171
1689 383 1721 442 οι
1742 385 1804 448 112.
1831 402 1864 450 ee

300 479 351 542 IX.
366 493 435 556 aap.
450 491 473 538 1.
490 489 523 536 ιι.
540 477 568 537 1.
590 478 621 535 et
643 471 705 535 alii.
731 473 893 550 Getarum,
919 490 1064 554 quanam
1117 491 1207 556 seqq.
1348 477 1351 485 '

301 569 446 634 lormsin
460 567 564 648 mente
578 567 617 629 sit
630 565 823 630 observanda
843 567 876 630 in
889 568 1065 649 provisione
1160 569 1229 632 131.
1251 565 1396 646 Dobstque
1416 565 1486 645 fieri
1503 565 1583 630 intro
1602 565 1729 632 delium
1749 579 1866 654 ternpus,-

301 663 524 728 benefidorum
533 679 591 743 per
603 662 686 724 dam
701 661 873 734 electionis,
883 663 1065 742 postulatio·
1119 671 1147 726 ιι
1160 659 1266 744 quala?
1281 693 1318 708 ·-
1331 661 1425 738 ltesp.
1449 660 1499 724 tv.
1516 659 1563 722 Ad
1584 661 1720 724 validam
1734 665 1868 742 provisio

302 759 367 837 uis,
392 755 650 828 renuntiationis,
675 773 731 818 seu
748 756 1001 836 'permutationis
1029 775 1067 820 ao
1119 775 1205 833 nem,
1228 771 1284 818 sau
1306 753 1503 819 rabadonem
1516 754 1660 820 beneficii
1674 756 1768 820 etiam
1780 761 1868 840 requi·

303 851 495 932 hujusmodi,
510 851 544 912 in
557 849 688 931 propriis
701 848 787 922 locis,
803 849 866 910 imo
882 854 914 913 et
927 850 987 914 sub
1000 868 1071 930 spe-
1120 847 1212 921 nitur,
1227 854 1263 911 nt
1275 847 1330 910 liet
1342 848 1422 910 intra
1436 847 1575 910 debitum
1588 853 1712 929 tempus
1727 869 1736 913 ι
1750 851 1807 915 boe
1818 863 1868 928 est,

303 946 434 1012 cialibus
455 943 562 1018 titulis,
587 942 782 1008 commodine
809 943 954 1024 explicari
977 945 1066 1008 solet.
1120 943 1202 1006 intra
1226 945 1290 1006 tres
1303 958 1439 1015 manem,
1454 941 1611 1022 loquendo
1624 941 1665 1006 de
1679 945 1814 1008 ιωιιιιιίι
1826 967 1871 1011 ca·

303 1041 479 1106 Generatim
492 1043 599 1102 sutem
612 1036 781 1118 loquendo.
1120 1036 1323 1112 thedralibus,
1335 1040 1367 1099 et
1380 1036 1576 1115 regularibus
1588 1037 1870 1122 prulalopmpetue

343 1135 413 1198 128.
436 1130 564 1196 Collatia
592 1130 723 1212 demficii
748 1129 830 1195 delet
854 1127 1071 1214 fiertpratiei
1120 1129 1322 1192 vacantibus:
1340 1129 1389 1192 vel
1411 1131 1491 1192 intra
1510 1135 1673 1208 semmua,
1698 1154 1718 1198 e
1740 1135 1872 1202 fflanota

303 1225 435 1309 alioquin
457 1222 515 1290 erit
536 1223 691 1286 simoniam
714 1231 742 1285 et
764 1223 904 1286 ιἰιιαὶἰιία.
920 1229 1066 1306 -ltesp
1121 1223 1290 1288 mantionis
1304 1223 1728 1307 computandum,loquendo
1742 1229 1873 1294 decele-

303 1321 353 1384 lll.
369 1318 417 1381 Ad
430 1333 649 1398 quamcunque
670 1317 889 1395 provisionem,
904 1337 960 1384 seu
974 1321 1069 1383 colla·
1121 1316 1163 1380 ris
1177 1317 1363 1400 prolatoris,
1380 1316 1592 1398 dignitatibus,
1609 1325 1641 1382 st
1661 1319 1818 1386 beneficiis
1829 1341 1873 1386 ec·

305 1412 423 1475 donem
445 1409 588 1474 beneficii
621 1410 833 1487 ecclesiastici,
858 1413 907 1476 vel
932 1415 1069 1478 maximo
1122 1411 1313 1477 elesisstiois.
1337 1415 1453 1476 textus
1476 1420 1524 1478 ost
1542 1414 1576 1476 in
1593 1431 1622 1478 o.
1636 1413 1871 1496 Nepsudesatu.

304 1503 482 1584 requiritur,
507 1508 542 1566 ut
559 1501 614 1565 flat
635 1503 731 1584 gratis
748 1522 755 1566 :
771 1503 832 1568 hoc
845 1513 903 1582 est,
918 1522 982 1572 uon
995 1527 1069 1591 pre-
1121 1514 1172 1578 tl.
1188 1508 1223 1572 de
1235 1508 1380 1572 Electt'oa.
1397 1516 1429 1572 et
1450 1527 1479 1572 o.
1495 1507 1599 1573 Nulla.
1614 1513 1645 1574 2.
1660 1513 1695 1574 et
1707 1529 1735 1573 c.
1752 1509 1820 1586 θιιιι
1831 1511 1870 1574 c'i·

304 1599 359 1674 tio,
374 1598 587 1678 pecunia,seu
601 1598 745 1660 mercede
760 1601 921 1681 temporali
935 1603 1068 1668 interve-
1122 1604 1294 1669 weuram.
1316 1607 1345 1668 s.
1369 1605 1390 1686 ς
1412 1605 1467 1666 tin.
1490 1604 1526 1668 de
1541 1603 1720 1668 Concsuion.
1736 1606 1869 1686 prelati.
1929 1617 1933 1626 '

304 1693 427 1770 niente,
450 1709 520 1754 can.
545 1689 585 1754 Si
602 1691 667 1773 puri
687 1691 781 1757 dator.
803 1699 836 1758 et
858 1713 928 1759 can.
952 1696 1069 1780 Siquis
1118 1700 1228 1782 juncto
1255 1717 1283 1761 c.
1311 1697 1403 1762 Licet.
1430 1699 1464 1762 3.
1491 1697 1870 1782 erumpenteque.

304 1787 449 1870 objecerit.
465 1793 496 1850 et
509 1805 578 1850 can.
594 1785 742 1850 Salvator.
757 1791 787 1851 l.
802 1807 832 1868 q.
849 1792 880 1852 3.
895 1809 967 1853 cum
981 1793 1070 1858 innu·
1121 1793 1240 1876 maht.
1265 1797 1375 1872 estque
1396 1792 1524 1854 ιιιιοιὶιιι
1547 1793 1665 1860 dictum
1683 1811 1780 1874 supra
1790 1793 1839 1858 lib.
1852 1797 1871 1858 l.

304 1882 400 1946 meris
421 1879 659 1944 concordantiis.
685 1880 829 1962 Alioquin
857 1885 972 1965 quippe
994 1905 1073 1950 con-
1122 1887 1169 1951 ut
1183 1888 1234 1950 Vl.
1250 1885 1294 1950 De
1315 1885 1474 1950 Electioae.
1499 1883 1585 1966 §lt
1601 1905 1633 1950 ιι.
1648 1887 1720 1950 atu.
1736 1886 1875 1966 usquead

303 1975 480 2039 traheretur
489 1972 633 2047 simonis,
648 1991 710 2054 qua
724 1975 860 2054 provisio
873 1977 1019 2042 beneficii
1027 1981 1071 2042 vi·
1123 2000 1154 2044 n.
1183 1984 1252 2046 282.
1279 1987 1309 2044 et
1332 1980 1377 2044 tit.
1401 1981 1439 2042 x.
1466 1979 1511 2044 De
1529 1979 1690 2061 supplenda
1716 1979 1875 2061 amicata

304 2069 411 2138 tiatur,
433 2068 564 2146 ipsoque
576 2067 648 2146 jure
668 2066 804 2132 invalida
818 2069 921 2134 existit
935 2073 1003 2153 ejus
1017 2092 1072 2142 aa·
1119 2073 1324 2156 promarum.
1340 2089 1373 2135 ιι.
1389 2075 1439 2136 22.
1454 2075 1505 2136 23.
1522 2077 1563 2136 et.
1578 2075 1628 2136 21.
1645 2071 1691 2136 Ibi
1705 2072 1850 2136 videatur.

305 2161 442 2242 quisitio.
467 2176 536 2224 can.
551 2159 692 2241 Ecqua.
709 2164 736 2224 l.
756 2179 788 2242 q.
803 2167 834 2227 3.
851 2166 1067 2250 etEetrauap.
1165 2171 1232 2232 132
1257 2163 1364 2242 Qaibru
1383 2163 1554 2246 consuenda
1574 2163 1634 2226 siat
1654 2163 1789 2245 bueficia
1800 2165 1877 2228 cocle·

305 2255 381 2320 Cam
408 2253 582 2318 detestabile.
611 2253 648 2318 da
669 2253 784 2318 Simon.
809 2257 891 2320 inter
910 2279 1068 2326 commun.
1123 2258 1261 2326 amdan?
1279 2259 1446 2324 amosa.
1461 2291 1502 2308 ·-
1524 2257 1678 2330 Ouaeritnr
1698 2259 1747 2322 lll.
1771 2259 1875 2328 Ouibns

304 2365 377 2412 cum
390 2345 562 2422 similibus;
580 2349 674 2426 atque
693 2347 838 2428 amplius,
854 2351 914 2415 dici
928 2353 1008 2417 solet
1021 2354 1068 2418 tit.
1124 2354 1313 2420 conterenda
1326 2351 1547 2416 sintbeneficia
1557 2351 1785 2416 ecdesmstioat
1794 2353 1873 2435 llesp.

307 2440 501 2504 Mimia-
1123 2456 1147 2518 1.
1169 2449 1348 2514 Generatim
1371 2447 1541 2528 loquendo,
1556 2447 1670 2512 talibus
1684 2446 1803 2510 olorinis
1816 2465 1875 2509 cou-

346 2537 414 2598 129.
437 2532 527 2597 belet
547 2531 636 2595 etiam
663 2533 733 2617 fieri
748 2555 844 2619 pare‚·
864 2539 916 2602 lace
937 2551 988 2616 est,
1011 2542 1072 2605 siae
1124 2544 1253 2610 terenda
1280 2547 1355 2608 sunt
1380 2543 1543 2616 benefida
1571 2541 1747 2623 presertim
1769 2549 1874 2615 cumn,

304 2638 400 2713 porto,
425 2627 598 2703 conditione,
621 2637 675 2692 ete.
691 2661 731 2676 -
744 2633 873 2710 Insuper
890 2635 1070 2716 requiritur,
1125 2656 1205 2720 qnos
1218 2637 1418 2702 sommendat
1432 2636 1558 2700 (aude
1571 2636 1747 2708 mamritas,
1758 2635 1877 2716 gravitas
1974 2697 1975 2712 ,

305 2722 477 2788 utccllstio
492 2727 523 2786 et
537 2721 655 2801 quevis
668 2723 802 2802 provisio
816 2725 959 2792 benefiut
974 2730 1072 2793 ecole-
1125 2749 1259 2808 morum,
1275 2735 1308 2794 et
1328 2729 1695 2802 litterarum.scientia,e
1723 2729 1805 2808 juxta
1821 2735 1877 2792 ter·
1974 2717 1975 2802 ζ

307 2817 432 2894 uicatim,
448 2815 594 2894 list-pure
612 2835 619 2876 ι
636 2816 739 2893 idest,
756 2817 825 2880 sine
845 2827 948 2899 paeto,
963 2823 1072 2886 condi·
1125 2831 1191 2888 tum
1206 2827 1389 2905 expressum
1402 2841 1430 2886 c.
1455 2819 1531 2885 Cum
1550 2821 1581 2882 ιἰι
1599 2821 1721 2884 cunam
1736 2825 1767 2884 t.
1780 2819 1877 2901 §lde

307 2911 392 2973 done
406 2925 444 2972 aa
458 2908 552 2971 modo
565 2909 688 2988 privata
709 2911 846 2990 partium
868 2915 1073 2979 conventione
1126 2917 1269 2982 Baeton.
1296 2917 1335 2980 Et
1356 2915 1410 2996 qui
1437 2914 1560 2995 «digne
1582 2921 1716 2994 possunt
1734 2914 1878 2976 Βοιιιίιὶιι

306 3001 455 3082 adjecto:
479 3001 618 3079 alioquin
638 3003 754 3082 pariter
776 3015 956 3071 censeretur
979 3009 1073 3071 simo·
1126 3015 1322 3074 mcmmsuta
1341 3014 1498 3072 mutare:
1520 3008 1632 3071 melius
1653 3011 1703 3072 est
1727 3009 1809 3071 eninr
1827 3009 1878 3070 llo·

306 3094 408 3168 niaca,
423 3096 456 3156 et
468 3091 556 3154 nulla
569 3110 597 3152 c.
613 3091 805 3175 Superest.
821 3099 857 3162 de
872 3099 1071 3166 liausactioo.
1127 3103 1203 3168 mini
1217 3103 1381 3177 uoeuou,
1396 3119 1514 3185 paucos
1527 3101 1645 3164 babere
1658 3102 1823 3174 ministros,
1832 3102 1877 3180 qui

307 3194 339 3250 et
350 3204 379 3248 c.
397 3185 472 3250 Cum
485 3183 612 3266 pridem
628 3190 658 3249 l.
676 3193 707 3251 et
721 3207 749 3251 c.
768 3189 845 3254 Cum
860 3192 976 3257 Clerici.
992 3201 1022 3260 o.
1038 3197 1073 3261 de
1126 3197 1246 3278 possint
1260 3197 1355 3278 digne
1369 3211 1448 3276 opus
1461 3195 1517 3258 llei
1530 3211 1688 3268 exercere,
1704 3211 1799 3272 qnam
1810 3195 1877 3256 mul

308 3279 420 3353 Ραιιιὶι.
436 3297 508 3340 enm
522 3280 761 3343 concordantis.
786 3283 880 3358 uam,
896 3294 931 3350 ut
943 3307 973 3351 c.
989 3291 1074 3366 oua-
1126 3299 1175 3356 tos
1189 3292 1353 3364 incuses
1372 3289 1613 3371 procurabatur
1626 3305 1699 3352 can.
1719 3287 1810 3364 raus,
1823 3288 1876 3350 us·

307 3369 495 3435 stanna
508 3369 619 3434 lterum
629 3385 791 3454 ριιιιιιιιαι.
804 3378 928 3458 legitur,
945 3381 1073 3448 rPaotio
1128 3387 1215 3450 tinet.
1231 3389 1281 3450 23.
1292 3385 1414 3464 Quique
1423 3381 1776 3463 personaliterresidere
1784 3383 1813 3444 in
1821 3380 1877 3442 loco
1973 3381 1974 3390 ’

309 3463 400 3525 circa
411 3461 605 3544 spiritualia,
626 3466 676 3530 vel
699 3485 840 3534 connexa
853 3475 1072 3557 spiritualibus,
1128 3463 1280 3557 beneficii,
1297 3485 1329 3542 et
1341 3495 1450 3542 euram
1463 3478 1532 3558 eius
1546 3493 1602 3556 per
1615 3493 1651 3537 se
1668 3474 1756 3554 ipsos
1768 3474 1878 3536 ruent

309 3557 416 3622 labem
458 3574 583 3636 semper
622 3561 759 3626 eontinet
795 3565 945 3633 simonia.
974 3593 990 3630 ι
1029 3573 1074 3636 Ac
1128 3590 1285 3646 exercere,
1300 3591 1327 3636 a.
1354 3571 1429 3648 Ouio
1449 3567 1878 3634 nonamdecimam

309 3650 441 3730 preinde
463 3651 574 3714 merito
595 3670 664 3733 cap.
689 3655 745 3720 ult.
761 3657 796 3722 de
807 3657 919 3741 Paetus,
934 3663 1047 3728 dicitnr
1063 3686 1071 3729 ε
1127 3666 1264 3730 resideat.
1280 3685 1352 3729 cum
1366 3663 1604 3729 concordentiis.

313 3741 505 3806 «Pactioues
517 3743 606 3806 tacte
621 3763 677 3824 pro
700 3749 887 3828 quibusdam
906 3756 1075 3836 spirituali·
1168 3763 1236 3826 133.
1262 3761 1353 3840 Resp.
1375 3760 1411 3822 ΙΙ.
1431 3757 1602 3838 Loquendo
1615 3755 1717 3838 magis
1730 3755 1765 3818 in
1778 3755 1877 3835 speeie

308 3838 368 3900 bus
396 3835 581 3915 obtinendis,
612 3857 685 3901 cum
712 3841 744 3904 iu
772 3845 950 3925 hujusmodi
973 3853 1074 3916 omnis
1127 3873 1274 3935 quarm
1289 3871 1328 3917 ex
1341 3861 1430 3934 purte
1443 3851 1731 3933 promovendorum
1744 3849 1879 3912 adbene·

309 3933 423 4013 pactio,
440 3931 602 4012 omnisque
625 3936 788 3998 conventio
811 3938 925 4006 debeat
948 3945 1073 4009 omnino
1127 3949 1198 4012 licia
1213 3947 1431 4024 ecclesiastica,
1448 3953 1514 4008 tum
1537 3951 1656 4022 curate,
1672 3947 1741 4006 tum
1764 3959 1879 4005 nonan·

310 4041 445 4098 11111111,
461 4023 577 4086 nullius
590 4025 714 4104 penitus
728 4036 801 4092 sunt
814 4035 974 4098 momenti.
991 4056 1006 4096 ι
1023 4037 1075 4098 vi·
1128 4048 1196 4104 rats
1211 4041 1308 4122 (puta,
1324 4041 1365 4104 ad
1378 4038 1564 4103 obtinendos
1578 4037 1788 4118 episcopatus,
1797 4035 1879 4096 eccle
1972 4043 1973 4088 ι

310 4117 445 4182 deantur
458 4114 601 4196 plurade
615 4115 675 4180 hoe
689 4121 833 4198 superius
850 4124 905 4188 lib.
921 4128 944 4188 Ι.
960 4127 1005 4191 tit.
1022 4129 1072 4191 IX.
1129 4135 1191 4197 sias
1213 4135 1426 4215 parochiales,
1448 4133 1498 4195 vel
1520 4131 1687 4194 dannatus
1708 4135 1879 4210 perpetuast

310 4209 348 4273 de
359 4208 593 4274 Reauauatioce.
609 4209 627 4290 ᾗ
641 4214 670 4274 1.
687 4231 718 4274 ιι.
734 4217 783 4276 75.
801 4223 832 4279 at
845 4235 933 4300 seqq.
949 4221 1002 4286 ubi
1016 4223 1075 4287 hoc
1128 4227 1194 4290 eive
1218 4227 1259 4290 ad
1279 4227 1455 4306 dignitates,
1477 4229 1678 4305 pemonetus,
1693 4222 1879 4306 canopiceuu

311 4303 412 4384 ipsum
441 4304 706 4384 exemplificatum
736 4307 889 4391 simulque
912 4330 945 4376 n.
969 4317 1019 4379 81.
1044 4321 1076 4380 et
1130 4319 1332 4384 ecclesiarum
1366 4317 1610 4390 cathedralium,
1640 4313 1690 4376 vel
1717 4312 1880 4394 collegiata·

311 4411 399 4472 seqq.
415 4392 591 4467 declaratur
604 4397 742 4460 clausula
756 4399 823 4478 illa,
843 4403 992 4485 uprivata
1004 4425 1076 4490 pan
1129 4431 1211 4491 rum,
1226 4413 1356 4493 ipsaque
1378 4411 1531 4475 banellcia
1555 4407 1719 4491 simplicia)
1733 4405 1881 4486 requiran-

311 4484 402 4558 uum,
417 4485 793 4569 ⁰⁰1¹V⁰¹1²i⁰¹¹0³djootou
1129 4513 1190 4584 tur,
1215 4507 1247 4570 in
1270 4507 1402 4588 propriis
1421 4505 1497 4568 lonis
1514 4505 1581 4585 jam
1602 4503 1722 4567 dietum
1743 4507 1799 4564 est.
1814 4497 1880 4560 Pm-

351 4581 420 4646 130.
442 4579 489 4642 Et
501 4599 558 4642 ooo
571 4599 628 4646 essa
647 4583 762 4648 obtentu
775 4586 951 4672 abreptitii.
967 4626 1007 4644 -
1020 4597 1073 4661 Ill-
1129 4601 1236 4664 aarum
1249 4617 1323 4664 vero
1336 4599 1376 4662 de
1390 4599 1439 4662 hie
1451 4597 1588 4680 copiose,
1603 4595 1762 4675 simulque
1775 4612 1812 4656 ex
1823 4607 1880 4672 pro

311 4671 408 4760 terim
421 4671 598 4750 requiritur,
616 4681 650 4737 ut
663 4675 786 4741 cubatio
799 4680 944 4746 beneficii
959 4705 1022 4748 non
1036 4687 1075 4752 sit
1127 4689 1221 4768 fesso,
1251 4697 1356 4755 actum
1382 4690 1441 4754 luit
1467 4707 1562 4770 snpra
1587 4687 1642 4750 lib.
1670 4690 1694 4750 1.
1714 4687 1764 4750 tit.
1784 4685 1831 4748 Vl.
1845 4679 1879 4744 be

311 4763 439 4828 obmnta
461 4761 663 4844 subreptitie,
684 4767 745 4831 hoc
759 4779 817 4848 est,
833 4791 889 4854 per
903 4779 1074 4860 expressio·
1127 4783 1287 4849 Electum.
1308 4785 1326 4865 fi
1344 4788 1375 4848 tt.
1398 4783 1443 4846 De
1465 4779 1662 4862 (laetantibus
1683 4775 1877 4861 stipendarios

310 4873 384 4920 nem
403 4855 561 4935 talsitatis,
585 4861 641 4920 aut
662 4866 914 4943 suppressionem
935 4873 1074 4946 veritatis
1126 4893 1184 4958 per
1197 4881 1318 4950 totum,;
1342 4882 1374 4938 et
1393 4875 1440 4940 tit.
1456 4875 1534 4938 XIV.
1549 4873 1594 4936 De
1605 4869 1725 4950 AEmte,
1740 4867 1877 4952 pauo,

310 4951 350 5014 de
360 4949 816 5036 jureexprimeudaetalioqutn
829 4959 1074 5041 ipsanontenet
1127 4977 1156 5033 et
1169 4969 1268 5031 ordios
1290 4967 1558 5052 moefia'erdorraa,
1573 4966 1876 5048 pariterpartctumt
1971 4963 1972 4984 ¹

310 5060 347 5105 so
361 5042 475 5105 nullius
491 5043 594 5106 existit
607 5049 772 5122 momenti,
787 5069 816 5116 o.
833 5051 913 5132 Cam⁴
923 5057 1004 5120 adea
1022 5062 1070 5124 l'l.
1128 5062 1182 5125 nbi
1195 5061 1326 5141 proinde
1340 5062 1438 5126 vidmi
1453 5060 1578 5142 poterit.
1589 5054 1819 5138 (mauronto
1830 5051 1878 5128 ll.)

306 5137 417 5217 juncta
430 5135 535 5222 glossa
550 5141 582 5214 γ.
598 5135 870 5210 coercendae
884 5152 915 5225 i.
932 5149 993 5213 Nec
1008 5151 1073 5216 Cle·
1169 5160 1238 5220 131.
1261 5157 1339 5234 Ora'd
1357 5155 1509 5220 cumdum
1531 5154 1567 5220 da
1592 5151 1746 5216 collatione
1761 5145 1876 5212 murt·

308 5227 397 5303 ιιιιιι,
420 5225 456 5290 de
477 5227 623 5311 Recipe.
647 5233 678 5294 at
700 5251 727 5294 e.
752 5233 806 5298 Ad
815 5238 1004 5307 audientiam.
1022 5249 1071 5312 ll.
1126 5269 1193 5312 rum
1214 5250 1444 5332 parochialium,
1457 5267 1512 5330 prr
1533 5248 1660 5330 [umam
1673 5259 1876 5308 mmm.-

308 5317 380 5412 eod·
396 5325 427 5381 el
448 5311 543 5388 (ilem.
568 5315 606 5383 de
629 5321 784 5394 Proedmd.
808 5345 881 5392 eum
899 5333 1070 5414 similibus;
1128 5341 1282 5416 Quaeritur
1308 5343 1357 5410 lV.
1382 5342 1464 5415 Ouid
1481 5341 1649 5406 dicendum
1669 5335 1874 5402 decollatione
