4008 6074
378 271 465 350 §tlt
488 271 539 336 BE
560 271 793 338 A'l'I'ENTfflS
813 273 1100 340 retentatione
1118 276 1337 352 Pheneum,
1359 278 1441 342 arc.
1643 283 1702 346 atr

124 403 259 481 reparari
282 419 344 465 nou
367 403 463 482 possit
487 403 517 464 in
540 404 663 469 casibus
687 423 706 466 a
728 407 803 468 ,lure
821 425 885 470 nou
939 409 998 472 nisi
1013 411 1052 472 de
1066 411 1247 489 gravamine
1262 427 1319 490 per
1335 410 1526 474 definitivam
1549 413 1705 492 irrepara-

123 496 296 577 prnhibitis,
312 516 368 578 per
381 497 550 576 legitimam
565 517 745 578 penuriam,
761 508 792 564 at
805 501 885 564 intra
938 503 991 567 bili
1005 507 1128 583 agatur,
1144 504 1193 564 vel
1206 523 1278 566 cnm
1292 505 1432 568 visitator
1445 505 1539 568 citata
1556 515 1655 586 parte,
1671 515 1704 570 at

121 589 225 652 debita
237 593 380 671 tempora
398 590 494 654 luisse
512 591 744 672 interpositam,
761 611 797 656 ac
811 612 884 674 pro·
938 599 1075 661 adhibita
1097 615 1199 660 causae
1222 599 1397 678 cognitione
1425 599 1611 676 judicialiter
1635 619 1706 678 pro-

121 690 271 746 acuum.
939 692 1037 764 centra
1065 699 1139 754 tune
1171 692 1254 752 euim
1286 691 1485 772 appellationi
1510 693 1599 754 lucus
1627 693 1703 766 erit,

160 780 273 840 allum
288 795 390 840 causae
405 795 508 840 coram
524 778 722 842 inferioribus
728 779 885 860 jndicibus
939 787 1033 848 etiam
1047 783 1150 868 quoad
1163 786 1308 849 ellectum
1322 787 1550 866 suspensivum.

121 873 266 950 pendent,
292 879 365 934 ante
393 872 586 934 diffinitivam
607 875 814 948 senteutiam,
837 878 884 939 vel
982 879 1087 940 acum
1102 897 1119 940 a
1133 879 1324 960 gravamine,
1347 879 1430 957 quod
1443 899 1499 960 per
1513 879 1703 942 diffinitivum

121 968 288 1030 habentem
310 967 372 1030 vim
396 967 575 1041 diffinitive,
591 968 630 1030 de
653 969 832 1048 gravamine
846 972 882 1034 il·
937 973 1073 1052 reparari
1087 974 1251 1052 nequibat
1272 973 1417 1036 indebite
1436 974 1699 1050 incarceratione,

118 1059 179 1120 lato
195 1059 374 1138 superiores
388 1076 578 1138 cognoscere
591 1077 656 1124 nou
669 1063 802 1140 valeant,
812 1063 885 1126 licet
938 1064 986 1126 vel
1008 1069 1157 1139 torturae,
1183 1074 1237 1129 ant
1259 1067 1588 1128 excommunicationis
1608 1067 1702 1128 etiam

119 1153 193 1214 citra
208 1153 428 1232 prejudicium
442 1156 822 1218 cnunscaueerumeeid
836 1155 881 1218 ta·
938 1159 1131 1222 comminatae
1163 1160 1348 1238 appellatur,
1377 1179 1439 1221 non
1467 1161 1525 1222 nisi
1556 1161 1638 1232 visis,
1663 1179 1702 1224 ex

120 1265 189 1308 cere
214 1249 447 1319 couoestentum
464 1265 522 1308 nec
537 1247 576 1307 ad
592 1249 674 1310 huno
689 1248 834 1310 ellectum
847 1249 884 1310 li·
937 1251 1049 1330 quibus
1078 1252 1237 1315 evidenter
1263 1259 1413 1332 appareat
1439 1253 1478 1314 de
1506 1255 1702 1331 gravamine,

119 1347 186 1402 ceet
200 1340 248 1402 sis
261 1339 414 1411 inhibere,
430 1345 484 1401 aut
497 1340 674 1420 simpliciter
687 1340 836 1404 mandare
851 1347 886 1404 ut
937 1345 1103 1426 appellatio
1123 1345 1314 1420 admittatur,
1330 1349 1385 1412 aut
1402 1346 1555 1425 inhibitio,
1572 1347 1622 1410 vel
1636 1365 1704 1427 pro·

118 1433 214 1511 ipsius
238 1434 329 1512 copia
352 1449 515 1511 processum
538 1433 764 1496 uauemittntur
790 1435 884 1498 etiam
936 1437 1014 1500 visio
1028 1437 1131 1516 aliqua
1146 1439 1344 1500 concedatur.

118 1527 264 1606 expensis
277 1525 477 1604 appellantis.
982 1551 997 1588 ιι
1010 1529 1115 1590 Causa
1128 1531 1343 1609 appellationis
1363 1530 1520 1609 pendente
1542 1533 1704 1610 appellans

158 1618 393 1682 «inhibitiones
422 1623 493 1698 post
522 1620 778 1700 appellationem,
803 1621 884 1685 sicut
937 1626 969 1686 in
984 1624 1106 1694 eodem,
1131 1641 1193 1703 quo
1215 1625 1378 1704 reperitur,
1395 1642 1519 1687 carcere
1540 1643 1703 1704 permane-

117 1712 315 1792 praemittitur
336 1721 510 1793 receptam,
527 1731 588 1775 non
608 1716 807 1786 concedatur,
825 1715 882 1776 uisi
937 1717 991 1792 bit,
1009 1717 1111 1794 quoad
1127 1716 1234 1795 Jndex.
1260 1716 1412 1794 adquam
1433 1716 1622 1794 appellatum
1642 1721 1701 1792 est,

116 1824 187 1868 cum
201 1806 372 1870 insertione
386 1806 504 1868 tenoris
518 1808 690 1885 sententiaa,
703 1815 756 1869 ant
765 1807 882 1870 decreti
937 1809 1010 1872 visis
1023 1809 1111 1881 actis,
1127 1813 1160 1869 et
1179 1825 1274 1870 cansa
1297 1807 1431 1885 cognita,
1447 1807 1537 1870 aliter
1555 1807 1706 1870 decreve-

117 1900 282 1975 diffinitivi,
306 1905 361 1961 ant
386 1901 451 1960 vim
476 1899 628 1962 diffinitivi
655 1902 811 1976 habentis,
836 1901 882 1964 vel
936 1902 986 1964 rit.
1014 1903 1052 1962 Et
1074 1905 1159 1974 tuuc,
1184 1901 1242 1962 aia
1262 1899 1375 1979 judicis
1396 1901 1436 1963 ad
1458 1917 1551 1979 quem
1565 1900 1702 1970 decreto,

116 1992 269 2054 damnum
289 2009 347 2070 per
364 1990 556 2054 diffinitivam
571 1991 771 2072 irreparabile
786 1995 883 2054 conti·
935 1994 998 2055 vim
1012 1992 1181 2054 diffinitiva
1201 1991 1336 2054 habente
1350 1992 1441 2056 luerit
1462 1993 1662 2073 appellatum,
1680 1992 1707 2052 is

117 2085 246 2144 nentis:
270 2084 348 2146 alias
370 2083 588 2156 inhibitiones,
609 2092 640 2148 et
662 2103 838 2166 processus,
852 2091 883 2146 et
936 2085 1014 2148 nihil
1035 2085 1198 2158 mandare,
1221 2092 1276 2148 aut
1303 2103 1359 2168 pro
1380 2086 1427 2147 ani
1454 2086 1568 2148 decreti
1592 2103 1706 2148 exson-

116 2178 187 2240 iude
203 2183 311 2240 secuta
326 2195 521 2256 quaecunque
539 2181 600 2241 sint
614 2181 681 2259 ipso
692 2180 763 2258 jure
779 2180 879 2254 nulla,
935 2177 1020 2241 tione
1047 2181 1199 2240 attentare
1221 2179 1343 2256 poterii,
1370 2177 1470 2240 donec
1494 2196 1549 2257 per
1567 2177 1704 2257 judicem

115 2272 223 2350 eisque
237 2272 366 2350 impune
381 2290 444 2332 non
454 2290 564 2351 parere
578 2272 681 2335 liceat.
936 2271 1128 2351 superiorem
1142 2271 1227 2332 aliud
1240 2271 1332 2334 luerit
1346 2271 1542 2334 ordinatum.

157 2385 173 2420 u
189 2365 221 2426 Si
237 2364 398 2445 appellans
412 2371 542 2439 asserat,
558 2365 731 2442 sententiae,
751 2371 805 2426 aut
827 2382 882 2444 ap·
981 2386 996 2424 ιι
1009 2369 1085 2428 Acta
1100 2364 1261 2442 originalia
1276 2381 1454 2446 possessum
1468 2363 1576 2444 primae
1591 2364 1707 2426 instan-

114 2457 292 2536 pellatiouis
315 2457 492 2536 exemplum
515 2458 607 2537 culpa
626 2458 740 2537 judicis
763 2475 781 2518 a
806 2474 879 2535 quo,
936 2457 999 2533 tie,
1021 2456 1063 2520 ad
1084 2457 1219 2534 iudicem
1242 2455 1458 2536 appellationis
1481 2456 1619 2516 notarius
1633 2455 1706 2518 mit-

114 2555 170 2614 aut
185 2551 317 2612 cenaui
330 2548 439 2612 haberi
454 2568 516 2610 non
530 2567 633 2630 posse,
646 2567 708 2610 non
723 2550 793 2612 ideo
807 2549 882 2610 reci·
935 2553 1001 2610 tare
1015 2565 1078 2608 non
1093 2552 1232 2627 cogatur,
1249 2548 1307 2608 nisi
1329 2546 1499 2626 probabilis
1527 2546 1632 2626 aliqua
1646 2547 1705 2608 lal-

113 2645 234 2726 pienda
246 2645 305 2706 erit
332 2643 518 2722 appellatio,
541 2652 593 2706 aut
604 2645 719 2725 aliqua
741 2644 882 2706 inhibitio
936 2639 1032 2702 sitatis
1046 2657 1140 2701 cansa
1155 2647 1186 2701 et
1199 2639 1333 2718 suspicio
1348 2637 1473 2712 incidat,
1490 2657 1559 2717 quse
1574 2639 1706 2717 judicia·

114 2737 320 2800 concedenda
335 2757 343 2798 ι
360 2737 416 2800 sad
430 2739 475 2800 cis
488 2741 624 2812 tautum,
639 2738 681 2800 ad
695 2755 773 2816 quos
787 2737 881 2817 parti·
935 2731 1006 2793 liter
1032 2731 1210 2812 objiciatur;
1242 2735 1273 2794 et
1301 2738 1373 2793 tunc
1400 2731 1567 2794 terminata
1595 2750 1703 2805 musa,

112 2837 179 2906 net,
196 2830 320 2910 injungi
336 2829 459 2910 poterit,
470 2834 506 2893 ut
518 2830 620 2892 soluta
633 2830 788 2910 condigna
801 2847 883 2892 mer·
936 2824 1119 2888 remittenda
1134 2826 1259 2889 suntad
1274 2825 1476 2902 ordinarium,
1489 2828 1523 2885 ut
1537 2827 1569 2886 in
1583 2843 1640 2887 suo
1655 2845 1705 2887 ar-

112 2921 203 2995 cade,
229 2925 370 2984 actorum
393 2923 571 3002 exemplum
593 2923 806 2984 authenticum
827 2940 883 3002 ap·
936 2919 1036 2982 ohivio
1052 2925 1287 2984 conserventur.

112 3012 242 3092 pellenti
257 3013 340 3078 intra
354 3013 480 3076 brevem
495 3012 632 3094 aliquem
653 3017 883 3094 competentem
903 3011 905 3016 '
982 3015 1140 3076 ‹acensura
1151 3011 1359 3076 ecclesiastica
1370 3018 1478 3074 contra
1488 3012 1701 3094 appellantem

113 3107 283 3166 terminum
306 3106 455 3170 undatur.
481 3109 596 3170 Caveat
615 3112 722 3170 tamen
742 3109 882 3188 judexa
935 3104 1067 3184 prolata,
1083 3105 1225 3182 relaxari,
1242 3110 1296 3166 aut
1315 3103 1402 3164 nulla
1419 3101 1571 3164 declarari
1587 3105 1707 3183 perju-
1763 3179 1774 3190 ι

112 3217 193 3276 quo,
217 3215 258 3258 ne
280 3199 306 3258 si
326 3217 400 3260 vere
422 3199 614 3279 appellatum
636 3199 784 3264 fueritin
808 3219 882 3262 casu
936 3198 1036 3260 dicem
1061 3214 1121 3258 non
1146 3198 1254 3276 possit,
1280 3196 1339 3258 nisi
1362 3195 1475 3258 auditis
1498 3197 1649 3276 partibus,
1675 3204 1706 3258 et

109 3290 301 3370 appellabili,
324 3291 446 3354 interim
470 3292 588 3372 aliquid
609 3293 641 3354 iu
665 3292 881 3372 prejudicium
936 3309 1031 3354 cansa
1059 3292 1199 3370 cognita;
1226 3296 1363 3369 tuncque
1385 3292 1410 3351 si
1440 3292 1611 3354 constiterit
1633 3310 1703 3354 eam

110 3385 298 3464 appellantis
320 3388 467 3460 attentet3
494 3393 525 3448 et
546 3386 571 3446 ei
592 3405 649 3467 per
662 3393 766 3448 actum
780 3385 883 3464 publi·
936 3385 1050 3463 justam
1080 3402 1159 3462 esse,
1184 3385 1225 3446 ad
1245 3381 1395 3463 judicem,
1411 3385 1464 3464 qui
1492 3387 1705 3447 excommnui-

110 3495 195 3553 cnm,
213 3484 268 3540 ant
280 3495 339 3558 per
356 3479 480 3541 testium
502 3478 712 3558 depositiones
735 3480 881 3541 constite-
936 3476 1026 3550 cavit,
1042 3477 1203 3556 appellens
1217 3477 1429 3540 remittendus
1445 3481 1504 3552 est,
1519 3485 1553 3538 ut
1566 3479 1607 3538 ab
1620 3478 1699 3557 ipso,

111 3571 162 3640 rit,
183 3577 254 3632 acta
276 3571 425 3651 denegari
449 3571 634 3650 appellanti,
654 3571 751 3650 judex
774 3571 883 3652 appel·
931 3571 1019 3649 juxta
1035 3587 1140 3630 sacres
1160 3587 1307 3643 oenones,
1327 3569 1513 3632 beneficium
1533 3571 1703 3632 ahsolutio-

110 3660 200 3736 lanti,
212 3663 312 3740 judex
325 3662 544 3742 appellationis
566 3664 714 3724 mandato
735 3662 879 3726 tradendi
935 3664 994 3733 nis,
1010 3662 1036 3722 si
1057 3661 1215 3724 humiliter
1229 3664 1365 3742 petierit,
1381 3663 1580 3743 debitamque
1595 3683 1705 3726 emen-

110 3759 183 3816 acta
197 3755 296 3834 possit
309 3756 460 3835 adjicere,
478 3775 518 3817 ne
538 3757 663 3820 interim
678 3756 795 3837 aliquid
810 3757 880 3818 novi
934 3755 1092 3818 dationem
1114 3757 1302 3836 praestiterit,
1322 3758 1485 3820 obtineat:
1512 3758 1537 3818 si
1560 3775 1634 3820 vero
1658 3757 1703 3817 in-

110 3853 222 3911 contra
233 3849 444 3928 appellantem
462 3856 639 3914 attentetur.
930 3849 1048 3928 justam
1063 3867 1131 3912 esse
1154 3851 1236 3912 clare
1256 3855 1414 3930 appareat,
1436 3849 1586 3922 obtineat,
1610 3868 1704 3928 supe-

154 3941 378 4003 cAsenteutia
400 3948 505 4005 autam
520 3941 681 4005 diffinitiva
703 3946 811 4004 contra
828 3961 880 4006 ve·
934 3941 997 4003 rior
1011 3943 1237 4006 absolutionem
1255 3943 1426 4024 impendat.
1444 3943 1474 4004 Si
1488 3948 1595 4006 numm
1612 3943 1705 4004 dubi-

108 4051 180 4094 rum
194 4037 411 4096 contumacem
426 4035 555 4114 prolata,
572 4033 741 4114 appellatio
754 4053 818 4096 non
833 4053 881 4097 re·
934 4041 1028 4113 tatur,
1043 4037 1204 4098 honestius
1223 4043 1287 4110 ast,
1310 4043 1344 4098 ut
1362 4036 1402 4098 ad
1417 4035 1701 4124 excommunicato·

109 4127 265 4206 cipiatur3
282 4144 342 4188 uec
363 4127 517 4204 inhibitio,
534 4134 589 4189 aut
603 4128 662 4189 alia
677 4127 795 4206 quavis
809 4146 880 4207 pre·
934 4148 1013 4202 rem,
1035 4130 1116 4192 intra
1143 4129 1267 4194 brevem
1296 4131 1433 4209 aliquem
1456 4127 1697 4208 competendum

109 4218 199 4298 visio,
216 4217 358 4298 ιῑιιιιιιάἰιι
373 4220 534 4299 appellans
557 4222 590 4282 in
603 4219 782 4300 hujusmodi
806 4239 880 4282 vera
934 4222 1101 4285 terminum
1115 4222 1217 4286 eidem
1238 4211 1476 4305 praefigendum,
1491 4221 1700 4284 absolvendus

108 4311 310 4374 contumacia
323 4313 500 4392 perstiterit,
516 4311 717 4375 coucedatur.
933 4315 1118 4393 remittatur,
1148 4314 1221 4378 licet
1246 4315 1340 4378 etiam
1368 4314 1510 4394 superior
1536 4315 1596 4375 hoo
1623 4333 1698 4376 casu

153 4403 232 4468 «Ab
256 4405 439 4466 executione
468 4403 666 4470 decretorum
693 4421 757 4466 sac.
788 4421 876 4465 conc.
933 4405 1068 4485 idipsum
1081 4423 1138 4484 per
1151 4423 1185 4466 ee
1198 4413 1347 4486 prestare
1361 4406 1430 4484 jure
1445 4405 1558 4484 possit.

106 4497 248 4560 Trident.
264 4500 319 4558 aut
331 4497 518 4558 visitationis
532 4495 722 4576 apostolice,
738 4495 878 4578 appella·
976 4519 992 4555 ιι
1013 4498 1172 4560 Absolutis
1195 4499 1237 4559 ad
1258 4499 1424 4573 cautelam,
1441 4515 1505 4560 non
1527 4497 1587 4560 uisi
1610 4503 1697 4576 parte

108 4591 209 4652 tiones
220 4589 490 4668 ablelropolitauis
500 4607 563 4650 non
574 4589 762 4668 recipiantur
775 4607 877 4668 neque
932 4579 1035 4666 citata,
1053 4595 1083 4650 et
1097 4589 1169 4650 visis
1182 4591 1269 4666 actis,
1290 4607 1362 4653 cum
1381 4589 1541 4652 dubitatur
1555 4590 1697 4654 nullitate

107 4683 205 4746 etiem
220 4681 346 4762 quando
368 4681 513 4762 Episcopi
527 4683 640 4744 virtme
655 4682 796 4760 ejusdem
811 4701 876 4744 sac.
932 4682 1258 4744 excommunicationis
1279 4684 1319 4744 ab
1342 4684 1468 4746 homine
1483 4685 1611 4764 prolata
1640 4683 1698 4744 du-

106 4775 380 4838 oonciliiTrident.
397 4776 581 4856 procedunt,
598 4775 651 4836 ubi
674 4774 762 4838 Sedis
786 4793 878 4856 apos-
932 4777 1018 4838 bium
1045 4775 1138 4853 juris,
1166 4775 1365 4838 concedenda
1393 4777 1463 4848 erit,
1491 4779 1628 4854 tuncque
1657 4777 1696 4836 ad

106 4871 207 4932 tolicae
220 4869 357 4948 delegati
371 4868 404 4927 in
417 4867 529 4946 causis,
548 4885 619 4948 quea
634 4867 694 4929 sub
707 4885 817 4930 eornm
827 4869 876 4948 ju·
930 4875 1054 4947 tempus
1074 4869 1168 4930 breve
1191 4886 1263 4928 oum
1283 4868 1497 4942 reincidentia,
1514 4875 1544 4930 et
1558 4868 1695 4946 prestita

107 4963 287 5026 risdictione
301 4961 458 5024 ordinaria
473 4980 536 5022 ιιοιι
550 4962 873 5042 eomprehendautnr3
930 4979 987 5040 par
1014 4961 1316 5022 excommunicatum
1341 4963 1492 5024 cautione
1518 4961 1558 5022 de
1585 4959 1696 5022 eundo

106 5057 191 5116 salva
206 5054 359 5118 tamenin
374 5055 434 5116 hoc
449 5071 523 5116 casu
537 5056 734 5133 Legatorum,
749 5056 781 5115 et
794 5053 876 5116 Nun·
926 5056 1001 5135 juri,
1017 5062 1049 5118 et
1068 5056 1207 5136 parendo
1221 5056 1377 5119 mandatis
1392 5057 1537 5119 Ecclesia
1552 5059 1694 5119 mutum:

106 5151 227 5212 ciorum
240 5149 482 5230 apostolicorum
497 5149 694 5211 auctoritate.
930 5155 960 5210 et
983 5149 1009 5209 si
1030 5151 1117 5228 juxta
1139 5148 1272 5210 formam
1292 5169 1311 5210 a
1330 5151 1403 5229 jure
1417 5147 1630 5228 prescriptam
1643 5167 1700 5228 ap·

151 5243 214 5304 alu
233 5241 423 5304 manavere
439 5241 620 5302 visitationis
634 5239 872 5315 ordinariorum,
928 5239 1068 5320 parebit,
1090 5238 1227 5318 aliquem
1255 5240 1295 5301 ob
1323 5239 1517 5301 manilestam
1546 5238 1696 5301 offensam

107 5341 162 5398 ant
175 5333 378 5397 correctionis
392 5351 525 5406 morum,
541 5333 644 5412 quoad
659 5332 804 5396 ellectum
817 5333 875 5396 da·
928 5331 1228 5397 excommunicatum
1250 5332 1357 5404 luisse,
1373 5330 1510 5392 debitam
1532 5330 1627 5392 stiam
1643 5349 1696 5394 aa·

107 5427 280 5490 volutinam
293 5425 869 5505 tautumappellationesadmittantur;
926 5425 1130 5488 tisiactionem
1145 5433 1305 5504 praestare.
1328 5424 1447 5488 sivero
1468 5421 1508 5486 ob
1530 5427 1695 5488 aontnma·
