4064 6062
458 217 517 298 tr.
539 209 778 288 actarum,
800 209 1308 289 mamistouaruammam,
1336 215 1418 280 mc.
1675 221 1731 282 aar

182 355 213 410 7.
234 349 912 432 Uuumqueccrieeubdioidimr.-Resp.1V.
965 349 1080 428 justam
1104 367 1232 412 cansam
1254 349 1395 432 litigandi
1418 349 1565 425 habeant,
1590 351 1735 432 quodque

140 446 361 506 loramentum
376 448 442 506 tum
465 445 676 518 assertorium,
699 451 764 506 tum
785 442 915 522 promis·
968 441 1147 523 interrogati
1162 444 1256 506 velint
1271 444 1434 506 veritatem
1443 444 1559 515 dicare,
1574 443 1736 524 nolintque

143 537 275 614 serium,
293 538 421 600 ulterius
435 536 582 600 dividitur
599 535 631 596 in
651 536 791 614 simplex,
814 541 845 596 et
865 551 915 595 sc·
968 534 1062 595 ullam
1077 535 1254 598 dilationem
1268 554 1331 598 non
1346 537 1555 600 necessariam
1570 544 1687 616 petere,
1704 545 1735 600 et

143 623 246 690 lemae
263 650 270 689 :
290 631 364 693 item
386 632 417 690 in
439 630 648 707 juramentum
668 646 723 707 per
743 626 914 706 simplicem
968 629 1155 708 hujusmodi,
1171 633 1211 693 de
1226 635 1339 712 quibua
1352 633 1459 694 Glossa
1473 649 1543 711 cop.
1559 648 1581 692 1.
1597 630 1633 692 de
1646 629 1736 694 Jura-

145 721 199 780 Dei
213 723 482 794 contestationem,
498 725 530 782 ct
543 739 601 801 per
614 719 842 782 execrationem
859 737 866 778 :
884 725 915 781 et
967 732 1056 786 ment.
1072 725 1197 786 column.
1218 731 1249 804 5.
1267 726 1430 789 Calumnice
1438 727 1653 808 juramentum.

144 813 177 874 in
198 815 410 893 juramentum
434 812 678 892 extrajudicisle,
703 817 734 874 ct
753 811 911 891 judiciale.
1009 819 1056 878 13.
1079 816 1282 882 duramentum
1295 819 1427 895 matida,
1443 818 1536 900 quid?
1554 851 1594 866 -·
1616 820 1736 882 stura-

143 907 189 968 lte
203 908 396 981 communis;
419 925 456 968 ac
476 905 625 985 probatur
644 905 835 981 inductione,
857 921 913 968 seu
967 919 1106 972 mentum
1121 913 1257 988 malitie,
1273 936 1287 974 a
1309 912 1347 975 ds
1362 932 1424 992 quo
1438 913 1473 976 lit
1486 931 1589 976 sermo
1608 931 1676 992 cap.
1697 931 1732 976 11.

142 999 330 1062 declarando
344 998 505 1061 terminos.
523 996 704 1076 Siquidem:
966 1001 1002 1064 de
1013 1002 1174 1066 Jurcmect.
1191 1005 1315 1068 rotoma.
1332 1007 1363 1067 iu
1373 1008 1402 1068 6.
1415 1005 1639 1083 vocaturillud‚
1650 1005 1734 1084 quod

183 1097 213 1155 8.
228 1093 433 1156 remmam
447 1091 751 1174 simpleeetcolemoe,
767 1089 861 1173 quid?
873 1121 913 1140 -
966 1113 1030 1157 non
1045 1115 1137 1178 super
1150 1102 1215 1161 tota
1228 1117 1333 1177 causo,
1349 1097 1404 1162 sed
1419 1107 1513 1180 super
1526 1097 1734 1180 singularibus

146 1209 162 1243 a
176 1189 393 1250 loramentum
409 1185 568 1266 simplex»
590 1184 702 1246 dicitur
716 1201 808 1246 omne
823 1185 911 1259 illud,
967 1189 1152 1269 quibusdem
1162 1193 1309 1268 articulis,
1326 1194 1391 1255 sive
1400 1198 1484 1267 ante,
1496 1193 1560 1254 sive
1571 1192 1734 1272 postlitem

141 1281 226 1359 quod
251 1281 390 1344 solemne
413 1298 476 1341 non
499 1285 557 1342 est.
587 1279 840 1340 «iuramentum
863 1295 913 1338 so·
966 1289 1170 1346 contestatam
1183 1287 1395 1366 prestandum
1413 1286 1508 1360 venit,
1529 1285 1649 1365 quotics
1664 1287 1734 1347 arti-

141 1373 246 1436 lemne
270 1397 284 1434 o
310 1393 397 1450 sero,
422 1373 506 1454 quod
528 1390 586 1452 per
607 1378 724 1433 certam
747 1371 913 1433 verborum
966 1377 1054 1438 culus
1068 1377 1119 1439 ifle
1132 1378 1254 1442 videtur
1263 1379 1360 1458 judici
1374 1378 1731 1458 damalitiasuspectus:

139 1467 320 1542 termulam,
343 1469 392 1528 vel
404 1467 597 1546 corporalem
611 1464 743 1542 alicujus
756 1464 812 1539 rei,
832 1483 862 1526 v.
879 1483 909 1542 g.
966 1469 1032 1532 sive
1046 1471 1167 1548 quoties
1180 1473 1382 1552 presumptio
1397 1478 1443 1534 est
1458 1477 1565 1535 contra
1583 1471 1730 1552 aliquem,

141 1561 240 1620 sancti
261 1559 422 1638 Evangelii
442 1562 603 1632 attactum,
628 1556 785 1636 perficitur
807 1575 912 1620 coram
964 1567 1050 1646 quod
1073 1569 1147 1648 quid
1169 1569 1320 1632 malitiose
1342 1574 1505 1648 proponat,
1534 1569 1622 1631 Unde
1650 1575 1734 1647 patet

139 1652 281 1732 legitime
291 1652 461 1732 superiore,
474 1657 508 1714 ut
517 1652 670 1728 majorem
680 1649 909 1726 auctoritatem,
965 1659 1058 1740 hujus
1069 1660 1236 1739 juramenti
1251 1661 1424 1724 ditlereutia
1443 1679 1462 1722 a
1483 1663 1659 1740 iuramento
1679 1681 1733 1724 ca·

140 1747 444 1826 aestimationemque
456 1746 592 1808 babeat:
609 1744 911 1825 quampotissimum
964 1753 1091 1816 lumniee
1108 1771 1114 1813 :
1131 1773 1216 1834 nam,
1231 1760 1266 1817 ut
1279 1763 1440 1818 taceantur
1453 1754 1521 1816 alite
1537 1754 1731 1829 differentiae,

139 1839 221 1902 solet
234 1839 304 1902 ficri
318 1839 350 1900 in
360 1840 496 1920 judiciis,
512 1841 545 1902 iu
558 1839 753 1919 professione
773 1839 857 1918 fidei,
879 1840 911 1901 in
965 1847 1004 1909 da
1019 1849 1131 1928 quibus
1141 1849 1207 1928 iam
1221 1850 1508 1928 dictumsupracit.
1520 1848 1565 1910 tit.
1577 1849 1639 1911 vlt.
1655 1867 1687 1910 n.
1700 1853 1729 1912 8.

138 1933 305 2012 h⁰⁰1085582
321 1935 548 2014 &titillamento
566 1933 735 2011 fidelitatis,
756 1942 786 1996 ct
805 1935 911 2014 hujus·
964 1941 1182 2005 duramentum
1191 1942 1354 2006 calumnie
1366 1942 1436 2021 (nisi
1446 1942 1536 2004 tacite
1546 1942 1731 2023 remittatur)

137 2027 237 2088 modi.
491 2031 495 2042 '
964 2038 1011 2094 est
1025 2034 1235 2111 praestandum
1250 2035 1332 2096 circa
1341 2033 1463 2096 initium
1478 2038 1548 2114 post
1561 2033 1646 2096 litem
1660 2053 1733 2098 con-

177 2122 208 2182 9.
231 2120 434 2183 Immotum
442 2141 498 2202 per
511 2121 718 2185 escensionem
731 2128 761 2182 et
769 2138 827 2202 per
839 2120 911 2182 sim·
963 2129 1118 2203 testatam,
1134 2126 1288 2207 simulque
1303 2146 1398 2207 super
1417 2130 1481 2189 tota
1502 2145 1596 2188 causa
1613 2147 1621 2188 :
1641 2145 1731 2189 secus

135 2213 243 2296 ptioem
262 2214 321 2277 Dei
337 2217 577 2279 contestationem.
601 2247 642 2262 -
666 2235 681 2272 c
693 2216 909 2278 iuramentum
963 2221 1011 2280 eat
1024 2219 1055 2277 in
1066 2217 1243 2297 juramento
1257 2220 1401 2294 malitiae3
1423 2221 1563 2300 quamvis
1577 2225 1641 2283 tam
1656 2223 1728 2298 hoc,

136 2327 194 2387 per
213 2309 442 2372 execrationem
457 2311 553 2390 (quod
575 2309 699 2392 speciali
718 2307 843 2370 nomine
858 2309 910 2388 ju·
963 2328 1058 2390 qaam
1071 2312 1157 2389 illud,
1179 2313 1278 2376 soleat
1296 2331 1364 2376 csse
1379 2315 1592 2395 juramentum
1610 2314 1649 2376 de
1668 2333 1732 2378 cre·

137 2406 318 2465 ramentum
345 2405 612 2466 execrstcriumr
650 2403 835 2484 appellatur)
863 2411 910 2466 est
962 2402 1104 2468 dulitate.

137 2495 227 2566 illud,
249 2513 313 2576 quo
331 2495 442 2576 jurans
462 2497 520 2560 sibi
543 2498 613 2578 ipsi,
639 2498 688 2560 vel
708 2497 799 2558 alicui
819 2498 907 2559 alteri
1003 2501 1050 2560 11.
1072 2497 1276 2560 loramentum
1289 2497 1326 2560 de
1343 2497 1463 2560 ueritate
1480 2497 1615 2575 demde,
1636 2495 1731 2580 quid?

136 2589 195 2651 sibi
208 2609 294 2667 caro,
310 2593 385 2653 meli
399 2593 559 2674 quidpiam
573 2611 593 2654 a
605 2595 669 2655 Deo
685 2591 826 2655 lalsitatis
840 2591 909 2653 vin-
960 2621 1002 2636 -
1019 2591 1262 2652 «somniantum
1277 2589 1316 2652 de
1329 2591 1459 2654 veritate
1474 2591 1606 2654 dicenda
1619 2615 1634 2652 o
1653 2591 1730 2652 illud

135 2683 206 2744 dice
223 2685 424 2766 imprecatur,
440 2687 499 2748 nisi
513 2705 622 2748 verum
636 2686 685 2764 sit,
702 2686 786 2765 quod
800 2686 909 2748 asserit
961 2681 1146 2763 appellatur,
1162 2683 1247 2762 quod
1260 2683 1295 2744 tit
1308 2701 1402 2762 super
1416 2684 1555 2762 scientia,
1578 2701 1635 2746 seu
1648 2683 1730 2746 veri·

135 2782 191 2838 aut
203 2777 367 2856 promittit.
394 2780 640 2841 odoramentum
660 2796 716 2856 per
736 2779 908 2860 simplicem
960 2781 1035 2850 tate,
1061 2793 1155 2855 quam
1182 2777 1342 2856 quiescit,
1367 2776 1508 2840 dicenda.
1535 2777 1624 2840 Unde
1643 2779 1732 2856 jura·

134 2869 190 2930 Dei
205 2870 495 2932 contestationemu
513 2878 640 2933 econtra
654 2875 802 2934 censetur
815 2887 907 2934 omne
961 2875 1101 2932 mentum
1121 2870 1192 2944 hoc,
1215 2871 1319 2932 stricte
1339 2871 1506 2950 loquendo,
1531 2871 1615 2934 cadit
1637 2889 1732 2951 super

134 2962 222 3037 illud,
238 2965 325 3043 quod
337 2963 374 3027 fit
386 2965 505 3046 absque
519 2965 572 3028 tali
587 2966 795 3028 execratione.
961 2964 1133 3039 scientiam,
1157 2967 1189 3026 ct
1209 2979 1272 3024 non
1292 2980 1378 3025 mere
1402 2982 1495 3043 super
1517 2963 1731 3028 credulitatem

175 3059 224 3120 to.
247 3054 453 3120 loramentum
473 3058 696 3138 ectrcjodict'cte
713 3067 742 3120 et
751 3058 905 3139 judiciale,
961 3063 1123 3133 nostram¹
1142 3065 1235 3141 prout
1252 3058 1304 3122 cit.
1327 3059 1374 3122 tit.
1396 3060 1458 3122 Vll.
1479 3077 1511 3120 u.
1534 3065 1563 3124 9.
1586 3067 1617 3124 ct
1640 3075 1727 3140 seqq.

134 3149 233 3231 quid?
250 3183 291 3200 —
315 3154 560 3215 odoramentum
579 3152 838 3232 extrajudicialec
861 3153 908 3214 di·
960 3153 1086 3216 uberius
1101 3151 1288 3214 declarator.

132 3245 223 3320 citur,
239 3247 326 3325 qnod
340 3246 375 3310 fit
389 3253 476 3311 extra
486 3247 650 3329 judicium.
668 3248 907 3310 cJuramentum
1001 3250 1050 3310 lb.
1071 3246 1273 3308 duramentum
1294 3245 1465 3308 domomum
1487 3245 1567 3326 tus,
1591 3247 1679 3330 qam,
1703 3257 1732 3311 et

133 3337 311 3416 judiciales
331 3359 417 3416 vero,
433 3341 518 3419 quod
539 3343 706 3420 prestatur
725 3342 757 3402 in
778 3341 903 3418 iudicio.
960 3337 1139 3422 quotuplex?
1152 3339 1337 3419 -Respll
1347 3340 1563 3402 Juramentum
1570 3340 1728 3421 judiciale,

134 3435 235 3511 Atque
250 3433 335 3495 istud
349 3453 457 3496 rursus
476 3437 559 3498 varia
577 3433 794 3512 subdividitur,
814 3439 907 3515 prout
960 3439 1052 3510 prout
1061 3432 1185 3511 respicit
1194 3431 1383 3494 decisionem
1393 3451 1571 3511 causarum,
1582 3433 1729 3496 dividitur

132 3523 213 3584 illico
241 3527 378 3605 amplius
400 3526 553 3590 dicetur:
584 3527 725 3606 quamvis
749 3529 907 3607 quodlibet
960 3527 992 3587 in
1009 3526 1221 3605 juramentum
1243 3525 1429 3587 decisoriam
1450 3525 1522 3602 litis,
1542 3531 1574 3588 et
1593 3525 1627 3587 in
1643 3525 1731 3605 jura·

133 3615 247 3676 borum
256 3619 536 3680 commodereduci
545 3619 645 3680 valeat
652 3619 907 3698 adjuramentum
960 3623 1102 3682 mentum
1116 3620 1148 3678 in
1162 3619 1248 3680 litem
1266 3637 1273 3680 :
1290 3635 1423 3697 quorum
1436 3623 1603 3698 unumque
1620 3635 1728 3680 rursus

132 3709 349 3784 assentorium,
365 3713 414 3772 vel
428 3709 677 3792 promissorium,¹
691 3712 783 3774 veluti
798 3714 907 3792 praeci·
960 3711 1175 3774 subdividitur.
1191 3712 1237 3772 Ita
1251 3712 1425 3772 communis
1442 3731 1449 3772 :
1466 3715 1498 3774 et
1516 3717 1600 3790 patet
1618 3711 1727 3773 iuduc-

131 3821 228 3882 puam
241 3801 428 3866 divisionem
445 3806 614 3883 juramenti
634 3808 668 3867 ut
686 3803 740 3866 sic.
762 3805 904 3868 Proinde.
959 3810 1054 3872 tione.
1081 3807 1240 3886 Siquidem
1267 3808 1520 3870 odoramentum
1542 3806 1728 3869 decisoriam

171 3899 222 3958 11.
252 3896 459 3958 loramentum
480 3897 623 3979 judiciale
649 3897 904 3962 presumatur.
959 3904 1057 3966 litiso
1089 3900 1306 3976 diciturillud,
1332 3917 1389 3980 per
1411 3900 1497 3979 quod
1519 3900 1669 3964 deciditur
1691 3903 1728 3964 lis

130 4021 170 4035 -
184 3989 342 4062 Quaeritur
364 3991 400 4053 ΙΙ.
425 3992 492 4062 Qua
512 3993 632 4054 ratione
651 3991 805 4056 dividatur
819 3993 907 4072 jura-
960 3997 1147 4077 principalis.
1171 3997 1272 4072 Atque
1292 3993 1375 4056 istud
1396 3993 1601 4057 subdividitur
1620 3996 1653 4056 in
1673 4015 1725 4058 vc·

130 4088 275 4147 mentum
307 4084 466 4164 judiciale.
495 4085 588 4166 Resp.
630 4087 654 4149 1.
689 4087 906 4149 iuramentum
959 4089 1138 4163 lanterium,
1150 4087 1297 4167 judiciale
1319 4087 1478 4168 (intellige,
1497 4088 1536 4149 de
1550 4089 1726 4168 juramento

127 4179 301 4256 judiciale,
329 4185 422 4259 prout
450 4181 575 4260 respicit
604 4186 708 4259 partes
736 4179 902 4260 litigantes,
955 4181 1094 4262 judiciali
1117 4179 1261 4262 specifice
1285 4180 1419 4261 sumpto)
1444 4183 1475 4242 et
1502 4179 1724 4257 necessarium,

129 4271 281 4334 dividitur
294 4272 327 4332 in
340 4272 551 4351 juramentum
560 4273 735 4347 calumnie,
743 4273 905 4353 juramen·
958 4282 1050 4354 prout
1063 4275 1196 4354 amplius
1210 4272 1419 4337 declarabitur
1431 4271 1522 4352 intra,
1533 4272 1551 4352 §
1563 4275 1595 4334 5.
1607 4291 1638 4334 n.
1651 4275 1720 4335 tua.

129 4369 198 4426 tum
224 4357 375 4440 manue,
405 4372 435 4428 st
466 4367 675 4445 juramentum
709 4365 749 4429 da
777 4367 904 4430 veritate
958 4374 990 4431 et
1003 4385 1090 4447 seqq.

129 4459 278 4522 dicenda.
308 4462 353 4521 lta
376 4460 408 4520 in
430 4477 465 4521 re
488 4459 681 4532 communis;
708 4468 738 4523 et
759 4468 844 4542 patet
866 4479 904 4522 ex
998 4460 1262 4523 teterrimarum
1276 4457 1306 4519 ic
1320 4455 1724 4539 tuenqcmttorammtcm

129 4552 220 4614 dictis
235 4569 333 4632 supra
347 4551 394 4616 tit.
415 4553 478 4614 Vll.
497 4553 543 4617 De
555 4554 726 4617 loramento
739 4555 901 4618 calumnier.
957 4552 1037 4616 istud
1060 4563 1101 4615 est
1121 4550 1347 4616 estunctcrium.
1373 4585 1411 4597 -
1438 4553 1680 4615 «tutamentum
1693 4552 1726 4614 in

127 4647 190 4726 §b
205 4665 239 4708 n.
258 4651 290 4708 2.
314 4650 345 4708 6.
369 4653 400 4710 et
422 4652 453 4710 9.
473 4647 526 4709 ubi
547 4649 586 4710 de
607 4649 665 4712 isto
688 4649 798 4730 triplici
821 4651 921 4730 jura·¹
958 4649 1043 4711 litem
1057 4669 1071 4707 o
1100 4655 1226 4711 econtm
1248 4645 1371 4724 dicitur,
1391 4664 1447 4726 per
1470 4647 1553 4726 qucd
1575 4647 1726 4710 deciditur

129 4746 236 4802 mento
251 4757 294 4800 ex
307 4740 449 4819 professo
462 4741 575 4821 agitur.
593 4743 774 4820 Siquidem:
958 4741 1120 4804 estimatio
1147 4739 1203 4802 rei.
1229 4739 1318 4803 Unde
1337 4739 1548 4819 juramentum
1571 4739 1652 4802 istud
1679 4746 1726 4802 cst

170 4839 217 4896 11.
240 4831 452 4895 loramentom
465 4833 628 4910 commater,
644 4834 739 4916 quid?
757 4871 797 4885 -
818 4839 903 4900 «111-
958 4832 1201 4905 aestimatorium,
1217 4837 1309 4912 prout
1328 4837 1415 4894 notat
1432 4833 1528 4894 lason
1548 4832 1588 4894 ad
1607 4833 1720 4894 rubric.

128 4933 308 4987 ramentum
324 4925 517 4988 calumniae
537 4927 659 5006 dicitur,
677 4929 761 5006 quod
774 4937 904 5007 presta·
956 4927 1053 4991 titii.
1075 4927 1120 4989 De
1133 4927 1164 4988 in
1178 4925 1256 4988 litem
1263 4924 1407 5007 jurando.
1429 4945 1461 4988 n.
1485 4928 1513 4988 1.
1536 4925 1589 4986 ubi
1610 4925 1649 4986 de
1663 4926 1723 4987 hcc

127 5023 178 5080 tur
192 5025 258 5080 tam
274 5017 316 5078 ab
331 5025 447 5095 actore,
468 5035 563 5097 mam
580 5037 646 5098 reo,
667 5019 707 5080 ab
725 5019 813 5083 initio
833 5031 904 5102 post
956 5023 1130 5102 juramento
1145 5019 1277 5084 habetur
1286 5021 1406 5101 integer
1416 5019 1534 5093 titulus,
1545 5017 1629 5081 Deio
1642 5017 1722 5080 titan

124 5111 213 5174 litem
226 5115 441 5174 contestatam
455 5117 626 5191 superlata
645 5129 764 5174 causa:
786 5131 847 5192 quo
863 5115 903 5175 vi·
951 5113 1095 5196 jttrcrtdo,
1111 5114 1286 5194 inscriptus.
1308 5115 1382 5176 Tala
1401 5113 1613 5193 juramentum
1634 5112 1666 5172 in
1685 5113 1723 5172 li-

123 5206 241 5268 delicet
251 5205 374 5283 jurant,
400 5221 434 5269 ae
457 5203 540 5267 bona
560 5205 635 5279 tide,
657 5211 689 5268 et
708 5206 775 5268 sine
798 5205 903 5271 animo
957 5213 1020 5270 tem
1033 5212 1080 5269 est
1094 5206 1180 5276 illud,
1196 5207 1281 5286 quod
1299 5205 1428 5285 probate
1446 5202 1590 5266 violentia
1610 5203 1668 5266 sibi
1686 5203 1720 5264 il-

122 5295 342 5358 calumniandi
358 5313 463 5374 agere,
486 5303 517 5358 et
538 5297 728 5376 respondere
747 5299 844 5374 velle,
872 5299 904 5362 id
955 5297 1724 5380 lata,scletdamnumpassisjudcxdctcrresuper

120 5397 180 5468 est,
197 5409 265 5470 quo
280 5390 392 5470 jurant
409 5406 443 5450 sa
462 5390 601 5468 credere,
624 5391 709 5472 quod
728 5393 845 5476 bonam
865 5413 901 5458 ac
956 5394 1050 5457 rebus
1063 5393 1194 5469 amicale,
1218 5409 1388 5473 carumque
1409 5391 1535 5470 valere;
1557 5397 1649 5473 prout
1668 5391 1723 5454 ha·
