4080 6064
270 276 308 338 Vl
939 269 1183 334 occumulat.

319 411 494 486 riconis
513 429 557 482 ar
576 425 730 482 tunsum
748 424 929 481 onnmmur.
956 448 1005 462 -
1032 405 1116 480 (lum
1142 404 1227 504 juris
1254 405 1406 480 canonici
1434 411 1546 478 tomus
1571 403 1687 478 tertius
1712 404 1790 481 Rev.
1811 405 1847 480 P.

271 537 419 612 hnacleti
438 533 666 625 Reiffenstuel,
695 533 828 606 Ordinis
844 534 1010 606 Minorum
1031 531 1064 606 S.
1084 532 1253 605 Prancisci
1272 531 1530 606 reformatorum
1554 530 1701 626 theologi
1719 531 1852 628 jubilati

272 672 336 738 etc.
361 686 381 735 a
405 660 572 757 theologis
599 659 778 758 perlectus,
809 657 893 730 nihil
924 658 1015 736 Fidei
1044 656 1235 731 orthodoxae
1262 667 1320 732 aut
1345 657 1442 731 bonis
1469 655 1621 731 moribus
1647 659 1849 731 contrarium

273 790 451 877 contineat,
480 787 539 860 scd
563 787 630 858 imo
658 784 700 858 ob
726 785 849 858 claram
874 784 1080 874 methodum,
1110 785 1352 858 sententiarum
1380 785 1586 881 gravitatem,
1617 789 1651 857 et
1681 783 1851 858 rationum

274 913 505 1004 subtilitatem,
524 914 580 1010 jus
600 909 800 1000 dicentibus,
824 917 858 984 et
873 912 908 982 in
936 918 1078 1006 utroque
1095 909 1168 984 foro
1185 909 1407 1001 versantibus,
1429 910 1577 1008 apprime
1601 908 1692 983 utilis
1719 908 1851 983 loturus

273 1042 339 1114 sit:
364 1039 457 1130 ideo,
483 1046 521 1111 ut
543 1037 711 1136 publicam
735 1035 846 1110 lucem
866 1035 978 1110 videre
996 1035 1114 1132 possit,
1138 1035 1326 1126 licentiam,
1350 1043 1384 1108 et
1406 1035 1596 1114 facultatem
1616 1033 1850 1124 concedimus,

272 1193 312 1242 ac
330 1165 550 1264 impertimur.
575 1164 611 1236 ln
631 1186 774 1259 quorum
795 1170 859 1237 etc.
880 1203 926 1219 ·-
946 1162 1117 1259 Prisingee,
1136 1162 1190 1235 die
1211 1161 1255 1234 la
1275 1161 1436 1260 septemb.
1455 1162 1559 1236 1706.
1577 1206 1621 1219 -
1640 1163 1851 1234 annorscus

271 1293 442 1367 huroruus
455 1290 714 1364 Buonununmus
728 1289 866 1379 ussus,
883 1287 942 1362 SS.
955 1286 1114 1385 Theolog.
1133 1289 1267 1376 Doctor,
1282 1312 1401 1362 canon.
1419 1289 1553 1387 capitul.
1571 1287 1605 1362 S.
1624 1286 1850 1376 scholastico,

271 1419 415 1493 vicarius
431 1416 598 1514 generalis
617 1425 648 1490 et
667 1413 830 1490 officialis.

321 1687 481 1761 chnurn
501 1703 544 1759 ar
564 1705 773 1760 nrrnossrro
793 1703 936 1760 onorms.
954 1725 1004 1738 —
1023 1685 1075 1756 Pr.
1093 1682 1268 1756 Mattheus
1287 1707 1304 1756 a
1325 1690 1441 1772 sancto
1461 1681 1641 1780 Stephano,
1664 1681 1724 1757 SS.
1745 1681 1853 1756 Theo-

273 1812 369 1910 logie
387 1813 494 1886 lector
508 1812 680 1908 jubilatus,
699 1825 741 1885 ac'
753 1811 857 1884 totius
876 1811 1011 1884 Ordinis
1031 1809 1063 1884 S.
1085 1811 1121 1882 P.
1141 1809 1179 1882 N.
1195 1809 1364 1883 Francisci
1381 1812 1532 1884 minister
1546 1810 1720 1907 generalis,
1736 1815 1771 1883 et
1785 1833 1854 1883 ser-

272 1963 357 2012 vus:
384 1939 510 2011 Dilecto
536 1935 633 2011 nobis
648 1918 695 2008 'in
724 1937 854 2009 Christo
880 1937 918 2009 R.
947 1938 984 2010 P.
1010 1937 1045 2008 P.
1078 1935 1235 2008 anacleto
1263 1935 1492 2022 Reiffenstuel,
1512 1936 1628 2010 lectori
1653 1935 1794 2033 jubilato
1820 1944 1855 2009 et

274 2063 504 2139 concionatori
524 2069 644 2136 nostrae
662 2062 847 2136 reformatae
865 2061 1043 2161 provinciae
1061 2061 1217 2150 Bouaria,
1239 2061 1395 2149 salutem,
1415 2067 1448 2135 et
1466 2085 1566 2136 omne
1585 2061 1722 2136 bonum.

323 2327 406 2401 Cum
422 2327 512 2422 juxta
532 2323 742 2421 apostolicas,
762 2323 932 2420 nostrique
951 2322 1084 2396 Ordinis
1104 2322 1370 2413 constitutiones,
1387 2345 1444 2420 per
1463 2322 1602 2395 idoneos
1624 2345 1780 2395 censores
1801 2345 1854 2395 re·

273 2453 381 2528 visum
408 2453 506 2526 luerit
533 2475 618 2549 opus
642 2450 810 2546 quoddam
838 2472 857 2520 a
883 2457 914 2521 te
943 2448 1177 2548 compositum,
1206 2449 1303 2550 cujus
1328 2448 1445 2521 titulus
1476 2455 1549 2521 est:
1577 2449 1638 2520 alus
1667 2451 1855 2520 cononicam

268 2583 370 2675 justu
389 2579 512 2652 Titulos
529 2580 670 2674 quinque
687 2577 860 2651 Librorum
880 2575 1097 2648 decretalium
1120 2578 1158 2648 io
1180 2573 1375 2664 Qucrtionoo
1392 2575 1612 2664 distributum,
1639 2581 1713 2658 etc,
1742 2580 1855 2647 tenore

274 2704 499 2804 praesentium,
519 2702 560 2774 ad
580 2701 734 2775 sahrtaris
753 2700 949 2774 obedientie
968 2700 1137 2789 meritum,
1160 2699 1352 2772 Facultatem
1371 2699 1429 2770 tibi
1451 2701 1671 2796 impertimur,
1691 2707 1857 2795 quatenus

275 2830 412 2906 servatis
430 2829 600 2905 servandis
618 2827 701 2900 illud
717 2827 804 2926 typis
821 2826 978 2899 mandare
997 2825 1116 2900 valeas.
1132 2868 1178 2878 -
1194 2825 1313 2897 Datum
1333 2825 1457 2915 Rome,
1478 2825 1531 2898 die
1552 2825 1596 2897 lo
1615 2825 1729 2924 aprilis
1751 2825 1854 2898 1700.

275 2958 326 3029 Fr.
347 2957 543 3029 hircanos
562 2977 580 3026 a
601 2951 633 3026 S.
656 2951 834 3051 Stephano,
856 2953 1006 3025 minister
1024 2951 1198 3049 generalis.
1219 2993 1264 3006 -
1285 2952 1333 3024 De
1353 2952 1508 3025 mandato
1527 2951 1561 3025 S.
1581 2953 1618 3024 P.
1638 2953 1858 3027 Reverendis·
1921 3037 1925 3044 ,

275 3083 378 3173 simae,
400 3083 451 3153 Pr.
472 3081 609 3154 Parcus
629 3078 669 3151 ab
689 3078 826 3168 Urbino,
845 3078 1043 3152 secretarius
1059 3076 1233 3174 generalis.

323 3351 497 3426 Prousrns
515 3367 676 3424 sonorus
695 3367 888 3424 namucum
906 3367 1026 3424 mrms
1043 3363 1190 3422 unrsrm
1208 3367 1446 3424 rnovruonus.
1464 3347 1646 3422 —Cuma
1665 3349 1860 3424 Reverendo

277 3477 374 3550 Patre
392 3476 547 3550 hnaoleto
567 3475 797 3565 Reiffenstuel,
821 3473 897 3547 Ord.
916 3467 1002 3548 liin.
1030 3473 1062 3548 S.
1087 3474 1255 3546 Francisci
1282 3473 1540 3546 reformatorum
1559 3475 1736 3572 provinciae
1759 3477 1861 3550 Bava-

278 3602 334 3674 riae
352 3603 560 3693 err-custode,
582 3601 707 3674 lectore
723 3601 875 3698 jubilato,
896 3625 981 3698 opus
1000 3595 1179 3697 quoddam,
1200 3599 1255 3672 oui
1280 3598 1421 3672 titulus:
1449 3600 1510 3672 dus
1533 3603 1735 3691 canonicum,
1759 3604 1861 3696 justo

280 3729 403 3802 Titulos
425 3731 566 3824 quinque
585 3725 758 3800 Librorum
779 3728 996 3801 Dacrstolium
1014 3725 1268 3836 tn'Qoostioceo
1297 3726 1517 3811 distributum,
1544 3727 1587 3796 sit
1613 3728 1860 3824 compositum3
1986 3819 1988 3822 Ι

277 3854 426 3951 illudque
445 3879 464 3926 a
482 3852 613 3926 duobus
633 3851 813 3949 Theologis
828 3853 965 3949 jamjam
986 3851 1028 3924 sit
1046 3851 1195 3926 revisum
1223 3859 1257 3923 et
1284 3848 1514 3947 approbatum,
1536 3851 1785 3948 plurimumque
1810 3877 1862 3926 re·

278 3981 565 4066 commendatum,
587 3987 620 4053 et
637 3981 760 4070 omnia,
780 4003 854 4076 quse
873 3979 914 4052 de
931 3980 1007 4076 jure
1025 3979 1060 4051 in
1079 3978 1223 4050 editione
1240 3976 1404 4050 librorum
1424 3984 1504 4050 sunt
1523 3978 1694 4066 servanda,
1710 3978 1778 4050 sint
1801 3979 1861 4051 ob·

140 4095 143 4100 ⁵
280 4115 406 4183 servata
424 4131 431 4174 :
451 4114 566 4180 tenore
585 4106 800 4204 presentium
817 4105 1010 4178 facultatem
1029 4103 1202 4200 impertior
1221 4109 1257 4175 ut
1274 4101 1495 4175 laudatissimi
1510 4102 1611 4200 hujus
1625 4105 1735 4200 operis
1750 4111 1863 4180 tomus

278 4231 397 4305 tertius
407 4255 466 4329 pro
482 4231 624 4306 utilitate
639 4230 771 4328 publice
785 4231 871 4328 typis
884 4230 1033 4304 mandari
1049 4229 1333 4328 possit-hatum
1348 4229 1526 4319 hlonachii,
1545 4231 1561 4300 l
1581 4228 1740 4327 septemb.
1756 4230 1861 4303 1706.

281 4399 315 4410 -
345 4357 720 4444 Pr.I)nv1uW1rmuua,
741 4357 811 4428 ord.
833 4355 909 4428 hlin.
939 4353 972 4428 S.
1002 4354 1169 4428 Francisci
1199 4354 1296 4427 resur.
1327 4354 1433 4427 lector
1449 4353 1532 4450 jub,
1552 4355 1705 4430 minister
1731 4357 1863 4452 provin·

282 4480 386 4555 cialis

332 4750 491 4825 Gensunn
508 4769 717 4824 resonemus
736 4769 849 4823 rurus.
868 4793 917 4804 -
937 4751 1019 4825 (lum
1038 4751 1156 4824 tertius
1183 4751 1274 4824 luris
1297 4750 1450 4824 canonici
1476 4757 1589 4823 tomus
1604 4751 1643 4823 R.
1665 4750 1700 4822 P.
1716 4750 1866 4824 hnacleti

284 5003 378 5076 nullo
399 5002 592 5099 degeneret,
615 5002 672 5076 sed
692 5001 844 5075 eamdem
864 5025 1041 5076 censuram
1056 5003 1213 5098 idemque
1233 5004 1425 5076 encomium
1451 5010 1627 5090 mereatur,
1647 5000 1727 5076 hinc
1746 5025 1867 5076 censu-

285 5152 356 5201 ram
376 5152 435 5227 pro
460 5129 568 5226 primo
596 5135 630 5201 et
655 5127 803 5201 secundo
829 5136 920 5201 tomo
949 5151 968 5200 a
995 5153 1049 5202 mc
1076 5129 1198 5217 datam,
1227 5152 1285 5227 pro
1313 5127 1378 5201 hoo
1406 5129 1578 5225 repetitam
1607 5115 1695 5216 volo,
1723 5151 1867 5223 eumque

285 5255 385 5351 preelo
405 5253 642 5352 dignissimum
661 5277 796 5327 censeo.
815 5295 861 5308 —
882 5253 1059 5344 hlonachii,
1083 5254 1187 5328 1705.
1206 5298 1252 5310 -
1272 5255 1322 5330 m.
1343 5255 1571 5329 ronrnmrus
1591 5255 1743 5346 Huunnu,
1765 5255 1868 5328 totius

289 5381 413 5453 ordinis
428 5380 462 5454 S.
482 5381 650 5453 Francisci
670 5388 704 5454 et
722 5381 901 5478 provinciae
919 5381 1064 5455 Bouaria
1084 5386 1186 5479 pater.
