4016 6056
268 265 327 330 tm
455 261 525 324 Lm.
547 261 595 323 ΠΙ.
617 257 825 322 DECRHAL.
847 259 918 322 ΤΠ.
939 258 977 320 V.
1001 259 1050 320 os
1068 255 1298 320 PRAEBENDIS.
1315 255 1364 320 ΕΤ
1382 255 1655 320 cremenses

268 394 415 472 motione,
431 399 462 456 ot
474 391 648 472 provisione
658 390 837 472 hujusmodi
850 389 891 454 ad
904 389 1029 454 (iuriam
1081 396 1193 453 vantur
1206 389 1246 453 de
1259 387 1410 452 fructibus
1424 387 1513 470 primi
1527 389 1601 450 unni
1616 406 1636 449 a
1649 387 1701 449 die
1714 387 1850 450 vacatio·

268 481 439 552 Romanam
462 487 567 548 venire
589 501 654 547 non
677 483 875 562 tenebuntur,
901 483 1030 565 ipsaque
1083 484 1142 558 nis,
1158 496 1287 546 summes
1297 481 1500 562 pecuniam
1508 480 1634 542 inlibris
1645 483 1733 544 Gom.
1746 487 1847 560 apost.

268 583 423 664 regularis
444 577 598 644 beneficia
623 579 681 641 sub
703 577 901 659 expectativis
924 575 1030 658 gratiis
1082 581 1206 652 brata,
1228 594 1300 657 qne
1323 574 1499 638 cummunis
1520 575 1644 637 servitia
1664 591 1853 655 nuncupan-

268 695 332 744 non
345 675 468 740 eadunt.
492 673 550 738 Ubi
573 678 678 736 autem
700 691 757 753 pro
779 669 972 736 monasteriis
988 667 1031 732 ad
1082 679 1133 736 tur
1149 691 1156 733 :
1173 675 1206 735 ei
1222 673 1248 734 si
1262 689 1332 752 qua
1345 668 1501 734 excessivo
1523 671 1635 732 tanate
1658 669 1731 743 sint,
1745 674 1851 730 retax-

269 771 382 836 dictcm
395 769 518 832 Curiam
531 766 715 842 venir-essu
729 765 849 828 mittere
864 779 1031 826 consuere-
1083 772 1192 842 entur;
1217 772 1250 828 et
1271 765 1355 846 quod
1377 762 1596 844 provideantur
1617 763 1796 842 specialiter
1818 762 1853 822 iu

269 864 341 938 rint,
358 881 421 925 non
434 863 521 924 alitor
535 861 799 932 confirmabimus,
818 860 867 921 val
887 855 1032 938 provide-
1085 861 1217 944 grovotie
1230 860 1408 940 regionibus
1421 857 1593 921 seeundum
1605 856 1790 938 qualitatem
1802 873 1854 918 re-

269 958 372 1024 bimus
394 973 487 1036 mam
509 956 653 1035 superius
670 954 709 1016 do
732 951 960 1022 cathedralibus
980 967 1032 1010 cc·
1084 975 1165 1031 cum,
1188 961 1380 1038 temporum,
1403 959 1434 1016 et
1456 953 1630 1033 rupicum,
1655 969 1696 1014 ne
1719 952 1854 1014 nimium

270 1053 371 1118 clesiis
384 1055 431 1114 est
444 1067 635 1131 expressum.
650 1050 690 1111 Et
701 1048 742 1111 de
755 1047 951 1110 monasteriis
964 1062 1033 1107 mo·
1084 1059 1319 1133 pregmeotur
1333 1069 1341 1112 ι
1356 1055 1389 1112 et
1403 1047 1488 1129 quod
1506 1048 1681 1127 petentibus
1704 1047 1854 1110 dabimus

270 1147 399 1210 niallam
411 1163 475 1208 non
489 1145 699 1225 disponemus,
715 1141 773 1205 nisi
794 1142 855 1205 sint
877 1145 1031 1219 exempta,
1085 1147 1313 1210 commissarios
1325 1145 1358 1206 iu
1371 1142 1519 1224 partibus,
1546 1142 1597 1222 qui
1617 1140 1782 1222 diligenter
1803 1141 1856 1202 iu·

271 1247 302 1306 et
328 1249 401 1304 tunc
428 1258 484 1320 per
509 1238 767 1314 commissionem,
790 1235 832 1298 ad
853 1241 968 1316 partes.
987 1235 1032 1296 lie
1086 1241 1221 1321 quirunt,
1239 1245 1269 1302 et
1282 1241 1432 1300 retexent.
1454 1237 1544 1298 Taza
1565 1241 1671 1298 eutem
1695 1236 1855 1317 predictae

271 1333 390 1398 ceteris
407 1349 480 1395 vero
501 1329 713 1410 dignitatibus,
734 1336 765 1391 ct
784 1327 943 1392 beneflciis
966 1327 1034 1406 qui·
1085 1351 1142 1414 poo
1156 1333 1260 1396 modio
1278 1337 1366 1412 porto
1381 1331 1465 1398 intro
1486 1347 1604 1392 oenum
1625 1347 1646 1390 u
1665 1329 1718 1392 die
1737 1330 1855 1392 habites

272 1427 453 1505 buccucqbc
475 1423 687 1495 soecultlrlbbfls
710 1425 742 1484 θῑ
763 1421 958 1502 rbgfllbl'lbllss
979 1437 1033 1480 Vb·
1086 1427 1289 1510 possessionis
1303 1423 1440 1506 pacificas
1450 1425 1543 1488 totius
1555 1422 1605 1487 vol
1616 1423 1747 1503 majoris
1756 1423 1855 1502 partis

273 1519 397 1596 caturia,
413 1517 493 1580 ultra
504 1515 731 1580 reservationes
744 1514 906 1596 predictus
927 1512 1034 1592 (majo
1087 1521 1256 1598 solventur,
1272 1525 1305 1582 et
1316 1536 1373 1600 pm
1387 1519 1447 1580 olio
1467 1517 1571 1580 modio
1593 1520 1681 1595 porto
1702 1515 1783 1578 infra
1796 1533 1858 1576 an.

273 1613 359 1676 ribus
372 1609 572 1690 dignitatibus
585 1615 655 1689 post
667 1606 858 1688 pontificales
874 1607 907 1667 in
928 1605 1035 1668 cathe-
1087 1631 1164 1676 nom
1192 1619 1394 1692 sequentem
1425 1613 1457 1675 ot
1487 1611 1513 1672 ei
1542 1610 1621 1672 infre
1644 1627 1763 1672 oenum
1788 1609 1853 1682 bis,

273 1703 420 1778 dralibus,
444 1708 474 1764 et
496 1699 716 1782 principalibus
738 1699 770 1760 in
793 1698 963 1780 collegiatis
988 1713 1035 1758 ec·
1088 1708 1137 1772 701
1150 1708 1266 1786 plurios
1279 1707 1465 1781 negaverint,
1482 1705 1580 1768 gemel
1592 1710 1716 1766 mosum
1729 1703 1859 1766 soloen.

273 1799 374 1860 desilit
388 1796 524 1878 exceptis
537 1794 578 1856 do
592 1793 781 1874 qulbusjut'e
796 1793 951 1856 ordinario
965 1807 1036 1872 pro·
1088 1805 1158 1874 luri
1175 1818 1233 1863 noo
1246 1800 1385 1864 debitum
1399 1799 1577 1879 hujusmodi
1591 1800 1622 1861 in
1640 1815 1856 1862 suooeoeorem

274 1889 395 1954 videtur
420 1907 476 1968 per
498 1889 566 1950 illos
589 1887 767 1963 inferiores,
791 1886 832 1949 sd
854 1905 933 1967 quos
958 1886 1035 1950 alias
1089 1891 1121 1954 in
1135 1893 1276 1968 eoelestia,
1290 1893 1342 1955 ool
1355 1893 1541 1956 menoeteoto
1560 1893 1708 1953 transeut.
1732 1891 1777 1952 lte
1797 1907 1859 1952 οω-

274 1986 421 2066 pertinet.
1089 1987 1164 2050 teris
1177 2005 1249 2050 vero
1263 1986 1476 2066 dignitatibus,
1492 1984 1720 2066 personatibus,
1733 1983 1857 2046 officiis.

312 2081 373 2160 §a
395 2077 527 2138 «Placet
539 2075 632 2138 etiam
646 2075 747 2152 nobis,
763 2076 847 2156 qnod
860 2093 917 2158 per
930 2095 1037 2158 quam
1090 2085 1122 2145 et
1134 2081 1292 2144 beneficiis
1306 2079 1515 2156 saecularibus,
1531 2098 1567 2142 ac
1580 2077 1779 2158 regularibus
1789 2078 1861 2156 qui·

274 2189 396 2252 cunque
421 2171 513 2232 sliam
540 2169 799 2246 reservationem,
830 2171 963 2252 gratiam
985 2189 1039 2234 ex·
1090 2176 1283 2255 buscenque,
1299 2193 1369 2254 qnae
1382 2174 1563 2236 auctoritate
1576 2173 1667 2235 dicte
1682 2171 1773 2234 Sedis
1784 2189 1860 2233 eou-

274 2268 470 2350 pectativam,
484 2269 538 2326 sut
552 2259 796 2343 qdamvisaliam
806 2265 1038 2346 dispositionem
1090 2268 1239 2346 ferentin,
1256 2267 1305 2330 vel
1318 2267 1358 2330 de
1371 2267 1484 2348 quibus
1498 2265 1709 2346 providebitur
1718 2265 1860 2344 (prater-

275 2362 334 2426 aab
356 2377 540 2440 maenaque
562 2357 729 2420 verborum
750 2358 862 2438 forma,
890 2378 945 2440 per
967 2377 1037 2435 nos,
1092 2363 1305 2444 quamvigore
1320 2361 1490 2440 gratiarum
1512 2358 1787 2439 expectativarum,
1804 2361 1862 2422 aui

276 2454 325 2516 vel
338 2452 519 2517 auctoritate
533 2457 637 2513 uostm
650 2449 777 2528 iactam,
790 2450 839 2513 vel
852 2451 1036 2533 faciendam,
1092 2475 1187 2522 eausa
1200 2456 1447 2536 permutationis)
1469 2453 1627 2516 solvantur
1646 2458 1783 2529 anneta,
1799 2469 1860 2512 sec

276 2565 337 2611 non
364 2545 569 2627 impediemus
594 2563 671 2621 nos,
701 2545 866 2625 quominus
889 2549 929 2610 de
957 2547 1037 2622 illie,
1092 2551 1186 2616 medii
1199 2551 1417 2630 fructusjuxta
1430 2552 1535 2612 taxum
1544 2547 1859 2626 solitam,stempcre

276 2658 347 2704 oum
374 2638 529 2702 Vbssflhssssl
555 2638 594 2700 db
620 2637 779 2712 fbbfflbrlle
808 2640 924 2720 aprilis,
946 2639 1037 2720 junii,
1092 2645 1296 2728 possessionis
1308 2647 1390 2707 intra
1404 2649 1536 2716 annnam
1552 2639 1740 2704 etdebitum
1753 2639 1862 2719 bajus-

275 2731 410 2814 wtibbll,
441 2731 586 2808 ⁰⁰l⁰brl⁵2
615 2736 645 2793 ⁰²
671 2729 844 2793 decembris
866 2731 1036 2806 mensibus,
1092 2739 1178 2802 modi
1201 2737 1340 2801 similiter
1362 2737 1395 2800 in
1417 2750 1629 2798 successorem
1651 2733 1684 2794 in
1707 2732 1860 2796 beneficio

276 2828 372 2892 libere
393 2826 573 2904 disponatur
592 2841 649 2904 per
669 2823 748 2902 illus,
770 2823 811 2886 ad
831 2842 908 2904 quos
931 2843 1039 2888 eorum
1092 2851 1156 2895 non
1170 2835 1319 2894 ooneeot.
1334 2829 1395 2894 sed
1408 2829 1448 2890 do
1461 2825 1712 2905 beneficiisque
1722 2825 1861 2887 valorem

275 2919 410 2994 collatio,
432 2915 580 2998 provisio,
605 2917 812 2995 presentatio,
826 2917 958 2992 electio,
983 2935 1040 2979 seu
1092 2924 1199 3006 viginti
1222 2927 1356 3004 quatuor
1377 2923 1566 2984 florenorum
1583 2917 1651 2979 auri
1669 2917 1710 2980 de
1728 2919 1860 2980 &mora

276 3013 393 3094 quevis
416 3011 476 3073 alia
498 3009 657 3092 dispositio
679 3009 876 3091 pertinebat:
902 3029 1040 3076 reserva·
1093 3034 1157 3080 non
1171 3015 1334 3094 excedunt,
1351 3015 1427 3076 nibil
1441 3014 1596 3085 salvatum
1618 3012 1772 3091 duretque
1792 3012 1860 3072 bec

276 3106 372 3181 bone,
386 3103 485 3167 aliave
499 3103 608 3182 quovis
625 3102 837 3185 dispositione,
856 3104 1040 3168 auctoritate
1095 3111 1291 3174 observantia
1313 3108 1460 3186 deinceps
1483 3104 1541 3165 nisi
1564 3120 1635 3166 cam
1662 3103 1803 3166 similiter
1829 3103 1860 3164 in

277 3201 382 3262 nostra
402 3195 500 3270 lectis,
515 3196 564 3258 vol
584 3195 743 3270 iaciendis,
764 3215 827 3258 non
848 3197 1041 3260 obstantibus
1095 3205 1198 3268 tuturo
1217 3202 1346 3266 oonsilio
1369 3199 1409 3262 de
1430 3195 1528 3276 ipsius
1550 3195 1684 3258 nationis
1706 3213 1859 3258 consensu

278 3291 525 3372 quibuscunque.
541 3288 666 3360 Quoties
688 3305 761 3350 vero
785 3289 888 3369 aliquo
912 3290 1041 3350 vacante
1096 3297 1253 3377 continget
1266 3292 1433 3356 immutari.
1537 3297 1540 3304 ’

279 3383 430 3450 beneflcio
444 3383 475 3442 in
486 3380 633 3462 januarii,
649 3381 761 3457 martii,
776 3382 862 3461 maii,
874 3382 954 3462 julii,
974 3397 1041 3460 ecp-
1134 3391 1205 3470 56:
1216 3410 1231 3448 u
1244 3391 1278 3452 ln
1292 3387 1361 3450 aliis
1377 3391 1495 3460 autem,
1518 3399 1588 3462 qum
1609 3397 1666 3462 per
1686 3380 1739 3444 iel.
1762 3397 1858 3443 recor.

279 3475 417 3554 lambris,
433 3481 463 3537 et
484 3473 659 3539 novembris
681 3474 848 3549 mensibus,
868 3476 1042 3556 specialiter
1096 3481 1269 3564 Eugenium
1283 3497 1396 3561 papam
1410 3479 1571 3551 Quartum,
1582 3475 1677 3537 etiam
1692 3473 1859 3555 mecm

280 3569 473 3650 dispositioni
496 3567 586 3631 dicte
609 3567 698 3630 Sedis
716 3569 1042 3651 tererestereres
1096 3593 1200 3642 sorem
1212 3582 1364 3650 nostrum,
1388 3585 1444 3652 pro
1465 3571 1548 3633 dicia
1569 3567 1695 3630 radone
1709 3585 1810 3646 usque
1822 3566 1859 3628 ed

280 3663 419 3744 Pflfflsslll
431 3662 587 3725 lflffflllffl
600 3679 723 3724 ffleflifls
743 3681 763 3723 ⁸
782 3662 832 3724 ‘110
852 3669 933 3726 11⁰lae
951 3681 1044 3726 vaca-
1096 3676 1220 3751 tempus
1246 3669 1340 3732 itrturi
1368 3665 1521 3748 generalis
1548 3662 1670 3726 concilii
1693 3661 1859 3740 permissa,

280 3756 372 3820 tionis
395 3755 426 3816 in
449 3753 692 3832 locoboneiicii,
716 3755 801 3836 quod
822 3755 914 3818 obcui
932 3756 971 3817 de
991 3755 1043 3818 illo
1097 3779 1255 3838 oooooese,
1271 3761 1400 3835 indulto,
1412 3762 1444 3822 et
1457 3757 1592 3834 decreta,
1604 3773 1710 3836 acper
1722 3772 1780 3818 nos
1792 3771 1859 3816 con·

282 3849 451 3932 apostolica
478 3849 660 3912 crebritate
687 3849 843 3926 provisum
871 3847 978 3924 fuerit,
1007 3869 1044 3912 ex
1098 3858 1220 3920 firmato
1238 3856 1374 3934 fuerent,
1390 3853 1422 3916 in
1443 3859 1594 3933 quantum
1615 3849 1671 3911 illa
1693 3848 1858 3911 concordia

281 3944 367 4020 tnnc,
382 3947 413 4004 et-
432 3958 496 4004 non
517 3946 610 4004 antea
629 3938 814 4012 ordinarius,
829 3941 878 4003 vel
898 3943 987 4018 alius,
1004 3941 1045 4004 ed
1098 3950 1245 4033 presenti
1258 3967 1321 4012 noo
1342 3947 1468 4011 obstent
1481 3965 1490 4007 :
1512 3945 1571 4007 toto
1591 3943 1659 4005 otoo
1679 3941 1758 4004 „ihil
1776 3940 1857 4004 voto.
1891 4013 1894 4020 γ

282 4053 377 4116 quom
396 4031 478 4097 illius
498 4031 657 4113 dispositio
680 4034 855 4113 pertinebit,
876 4035 915 4096 de
937 4035 988 4096 illo
1007 4035 1046 4097 li·
1099 4061 1169 4107 mes
1189 4061 1257 4106 ooeo
1278 4043 1486 4117 immutatum,
1511 4041 1543 4100 ‘et
1565 4055 1622 4116 per
1645 4036 1705 4097 boc
1728 4033 1808 4113 quod
1828 4032 1856 4092 iu

283 4127 358 4197 bere
372 4125 537 4208 disponere
551 4124 672 4206 poterit.
689 4125 726 4186 Et
739 4125 779 4186 ad
799 4125 903 4203 linem,
924 4129 959 4190 ut
977 4127 1046 4190 haec
1099 4135 1292 4202 concordatis
1314 4132 1504 4214 hujusmodi,
1528 4131 1591 4194 sive
1614 4127 1773 4207 quibusvis
1794 4126 1855 4188 abb

282 4221 434 4284 ordibcllO
457 4220 653 4283 ⁰⁰ll³ll⁰¹10111
672 4217 893 4280 beneficiorum
914 4238 977 4282 non
995 4237 1048 4283 ra·
1099 4245 1208 4293 eorum
1223 4221 1724 4297 occasioneconficiendislitteris,
1741 4224 1857 4300 propter

284 4318 474 4378 servatorum
497 4331 555 4394 per
573 4314 709 4375 alternos
730 4329 855 4375 menses
877 4315 974 4394 possit
990 4332 1047 4393 per
1100 4319 1398 4400 compendiosiorem
1421 4314 1681 4394 descriptionem,
1705 4307 1855 4372 Alouanis

283 4407 397 4471 dicum
409 4407 567 4470 nallffllflm
581 4405 743 4488 publicari,
758 4413 789 4468 el
803 4424 923 4485 omncs,
939 4407 992 4486 qui
1009 4425 1048 4470 aa
1100 4413 1276 4495 specialiter
1290 4411 1475 4492 appellatur,
1490 4407 1573 4469 natio
1587 4407 1654 4486 ipsa
1668 4401 1787 4465 conseri
1799 4417 1855 4460 nou

283 4499 421 4582 gaudere
448 4498 767 4578 v0l¹10li1¹lel0mi³¹1⁸
794 4517 966 4581 ⁰⁰118l¹¹¹1m
992 4500 1047 4563 hb·
1101 4508 1195 4572 debet
1220 4525 1239 4569 a
1265 4503 1449 4568 Germanica
1475 4501 1601 4564 natione
1626 4497 1780 4570 distincto,
1806 4511 1856 4556 ssu

208 4640 213 4650 .
284 4593 380 4656 beant
401 4609 472 4655 eam
494 4591 687 4672 acceptandi,
712 4599 787 4654 tunc
809 4593 912 4673 queam
935 4593 1048 4658 dictam
1101 4599 1333 4682 quomodolibet
1347 4602 1501 4677 separata.

285 4687 397 4750 Ssdem
410 4705 430 4748 a
443 4685 588 4749 Kalendis
598 4687 690 4766 junii,
706 4687 844 4765 proximo
857 4688 968 4750 fotuns
982 4688 1048 4771 ipsa
1140 4695 1159 4774 ς
1172 4699 1201 4756 7.
1222 4694 1288 4754 etit
1301 4697 1463 4772 praetereo,
1474 4687 1547 4768 quia
1560 4683 1684 4746 difficile
1699 4683 1777 4744 iorct
1789 4696 1857 4761 pro·

286 4797 409 4844 currere
422 4777 561 4858 incipiet,
575 4783 608 4841 ot
622 4777 745 4842 durabit
758 4779 915 4859 deinceps,
937 4781 996 4843 nisi
1018 4781 1050 4844 iu
1102 4792 1206 4850 sentes
1225 4785 1342 4848 litteras
1362 4783 1404 4846 ad
1422 4779 1557 4861 singula,
1571 4777 1605 4837 in
1627 4774 1797 4857 quibusda
1817 4771 1856 4832 eis

285 4872 389 4938 intuo
416 4869 544 4933 concilio
568 4870 608 4931 dc
631 4887 784 4932 consensu
806 4869 895 4936 diets
918 4874 1050 4936 notionis
1103 4880 1231 4944 torsiten
1254 4877 1333 4942 fidos
1358 4875 1502 4940 scienda
1522 4871 1626 4945 mest,
1651 4869 1721 4932 toea
1741 4864 1853 4938 deferr,

286 4965 375 5030 llllbr
388 4962 480 5028 fflelll
495 4963 680 5051 ordinatum.
1104 4973 1216 5038 eadent
1241 4970 1413 5054 apostolica
1445 4964 1627 5046 nucwntate
1659 4961 1854 5038 decerninus,

325 5058 385 5136 §5-
407 5079 423 5116 t
437 5056 540 5120 Plfflbl
563 5055 703 5119 fllfflllllfll'
724 5059 831 5134 ¹10l>l⁵e
859 5062 943 5140 quod
969 5060 1051 5124 circ&
1103 5069 1188 5147 quod
1202 5065 1340 5146 ipsarum
1354 5063 1548 5142 transumpto
1561 5055 1853 5136 metropolitanorum

286 5151 494 5232 provisionem
502 5149 592 5214 dicias
603 5151 1048 5230 Sedisordiuandem,modus,
1105 5157 1194 5220 dicite
1209 5156 1342 5220 nationis
1356 5153 1456 5235 egino
1470 5150 1602 5224 munito,
1623 5154 1770 5227 tanquam
1787 5158 1854 5223 ΡΨ·

287 5253 472 5310 annotinum
485 5245 546 5308 boo
559 5246 653 5309 modo
667 5251 780 5310 currat.
794 5248 838 5308 De
853 5249 990 5312 ecelesiis
1003 5269 1053 5314 ca·
1105 5250 1245 5316 sentibus
1258 5250 1285 5312 si
1300 5247 1519 5312 exhiberentur
1536 5241 1645 5306 littoris
1667 5240 1757 5321 plone
1776 5233 1852 5298 adli·

288 5339 480 5402 thedraiibus
508 5341 663 5417 omnibns,
687 5345 719 5402 ei
740 5342 947 5420 monasteriis,
972 5345 1053 5406 viro-
1104 5345 1234 5418 beaten
1250 5349 1281 5406 et
1294 5339 1425 5423 proinde
1437 5347 1546 5416 stetur,
1571 5354 1609 5400 ac
1631 5335 1657 5398 si
1680 5333 1766 5398 dicta
1787 5344 1850 5411 prr·

290 5451 359 5496 rnm
379 5433 544 5509 duntaxat,
554 5433 734 5496 vacmtibus
755 5439 786 5496 et
805 5437 969 5512 vacaturis,
992 5436 1053 5499 soi·
1108 5437 1328 5502 seuteslittere
1341 5434 1445 5498 iurent
1458 5429 1602 5496 exhibitas
1616 5427 1667 5491 vel
1682 5423 1848 5498 nummoli
