3994 6050
311 255 385 336 §lb
407 255 693 320 antecurrens
713 255 995 323 BENEFIGIORUM
1014 252 1090 320 PER
1110 255 1514 337 lesmorrensem.
1642 263 1717 326 stt

119 387 277 452 manneio·
293 407 301 449 ι
316 407 353 450 ac
376 395 462 453 notat
485 390 592 453 illoesa
612 389 687 454 ibid.
704 393 735 453 in
751 391 841 470 Cosa,
858 398 889 455 et
942 395 1001 465 cat,
1027 391 1092 452 sive
1115 391 1252 464 deuant,
1275 391 1360 455 idem
1380 379 1450 455 esse
1477 392 1643 456 dicendum
1669 395 1701 454 iu

119 481 227 544 Abbas
241 501 274 543 ιι.
291 487 320 547 1.
337 485 369 546 ιι
381 496 470 562 seqq.
486 485 518 544 et
531 483 669 546 Barbosa
680 485 711 546 in
729 483 885 547 Collectcn.
941 485 1060 547 ceteris
1080 484 1203 547 casibus
1223 485 1523 568 incompatibilitaua
1537 486 1703 549 beneficio·

119 594 153 639 ιι.
169 579 199 639 1.
216 578 316 640 citans
326 577 418 648 alios;
436 583 545 658 estque
555 576 621 657 jam
636 577 752 642 dietam
764 597 798 642 u.
814 581 885 642 281.
941 597 1022 651 rum,
1037 587 1127 660 puta,
1142 578 1174 640 in
1187 578 1349 642 beneficiis
1367 579 1473 642 «alies
1487 581 1701 662 incompatibi-

119 671 470 752 Concerdatdrtravag.
482 669 680 735 Eaeerodsia's.
691 673 783 737 toan.
794 672 885 737 XXII.
939 673 1021 735 libus
1038 691 1045 734 :
1061 695 1076 733 a
1094 673 1168 736 lieet
1189 671 1298 736 lortior
1316 675 1395 736 ratio
1409 665 1520 738 militet¹
1531 676 1564 737 in
1579 693 1704 756 expres·

119 765 213 845 §ool
231 785 300 828 eeu
321 765 463 848 deinceps.
485 765 518 828 b.
541 770 565 830 t.
587 767 721 848 idipsum
735 772 886 843 statuam,
941 770 994 844 sis,
1016 785 1129 848 nempe
1152 767 1184 828 iu
1197 767 1266 854 'illis
1285 767 1521 845 beneflciis,·de
1543 771 1654 850 quibus
1667 769 1704 837 flt

120 858 179 921 nisi
194 859 281 940 qnod
294 859 509 941 dignitatibus,
519 859 737 940 ριιιοιιιιὶιιιιι
751 868 782 924 et
793 861 888 924 bene·
941 862 1057 924 mentio
1070 859 1103 922 in
1115 877 1199 939 sepe
1213 860 1310 946 cite.
1325 857 1370 922 lle
1386 861 1488 922 multa
1505 862 1537 924 b.
1555 868 1578 925 t.

120 953 199 1014 liciis
212 953 339 1031 curatis,
356 952 509 1016 addiderit
524 952 663 1035 Officium
678 955 803 1032 (nempe
816 971 888 1034 per-
980 957 1048 1019 set.
1070 953 1223 1016 Beneficia
1244 952 1321 1014 elisa
1339 943 1591 1032 incompatibilia,
1608 956 1715 1036 jacto

119 1051 265 1126 petnum,
289 1063 356 1124 arg.
372 1062 441 1124 cap.
457 1051 479 1106 i.
493 1045 528 1108 de
542 1045 747 1112 Conantudin.
764 1045 795 1107 in
809 1049 838 1108 6.
856 1051 887 1108 et
940 1055 1063 1110 mentem
1074 1039 1189 1108 manilii
1202 1043 1376 1124 Tridentini,
1392 1044 1482 1126 qun?
1495 1077 1535 1094 -
1547 1046 1643 1110 Porro
1655 1043 1706 1110 ine

119 1141 194 1219 quia
211 1137 578 1218 officiatemporalianon
589 1138 790 1222 suntproprie
804 1139 887 1201 dicto
939 1147 988 1204 ter
1005 1159 1020 1197 u
1033 1138 1189 1202 Beneficia
1203 1131 1279 1200 alias
1297 1133 1551 1218 incompatibilia,
1576 1161 1590 1198 ι
1614 1141 1704 1221 jusu

119 1229 286 1312 beneficia)
310 1230 465 1309 simulque
487 1230 667 1307 decreverit,
684 1237 719 1293 nt
732 1232 888 1312 priusbe-
939 1235 1076 1296 mentm
1102 1230 1184 1296 citati
1207 1231 1340 1308 concilii,
1365 1227 1628 1296 connumerantur
1649 1234 1706 1297 irn-

120 1327 270 1389 neficium
291 1323 523 1405 incompatibile
543 1326 657 1404 verbo,
681 1329 714 1389 et
734 1325 834 1400 lactc,
854 1325 886 1386 iu
939 1325 1047 1406 primis
1059 1325 1123 1387 duo
1137 1324 1292 1405 simplides
1305 1325 1705 1390 canonicatus-diversarum

120 1415 268 1480 manibus
291 1416 437 1480 ordinarii
460 1418 579 1498 absque
606 1436 702 1482 morae
725 1419 886 1500 dispendio
940 1417 1147 1482 Ecclesiamm
1160 1436 1168 1478 ι
1183 1435 1259 1478 nam
1276 1415 1320 1489 bi,
1344 1420 1451 1498 utpote
1474 1415 1614 1498 spectato
1634 1420 1705 1500 jure

120 1509 351 1574 dimitteretur:
368 1509 505 1592 alioquin
525 1531 563 1574 ex
583 1513 900 1594 tuncipsejurena-'
941 1511 1098 1576 communi
1125 1510 1318 1590 requirentes
1348 1512 1534 1590 perpetuam
1567 1514 1707 1575 residen-
1824 1571 1826 1576 .

120 1611 207 1668 earet
223 1611 401 1684 utrumqne,
416 1607 448 1668 st
461 1605 601 1684 provisus
616 1605 787 1670 efficeretur
801 1607 888 1669 inba-
939 1607 1027 1680 tiam,
1043 1603 1177 1684 demptis
1197 1602 1320 1665 dnobus
1340 1609 1395 1667 ant
1414 1604 1513 1666 trlbus
1534 1605 1704 1686 mensibus,

121 1697 192 1759 bilis
206 1696 248 1760 ad
262 1695 385 1758 ordines
399 1713 514 1774 moros,
531 1702 563 1759 et
577 1715 769 1780 quaecmque
792 1698 888 1761 bene-
937 1701 1027 1781 juxta
1063 1695 1228 1760 concilium
1270 1696 1485 1760 itidentidem
1530 1715 1607 1762 sesa.
1653 1705 1703 1764 21.

122 1790 213 1864 dcia;
239 1787 283 1853 oti
305 1789 404 1868 liquet
423 1807 462 1852 ex
482 1790 585 1854 verbis
608 1791 749 1872 ejusdem
769 1810 800 1854 n.
815 1795 884 1857 281.
940 1811 1009 1872 cop.
1026 1809 1079 1855 ιιι.
1095 1790 1130 1854 de
1149 1783 1281 1874 Reform·
1304 1795 1472 1855 censentur
1489 1791 1642 1858 beneficia
1660 1795 1708 1856 in-

122 1883 240 1945 relatis.
941 1885 1160 1966 compalrbilia,
1176 1883 1708 1969 desinentintcnrata,necdigni·

161 1979 234 2042 233.
256 1975 302 2040 lle
315 1977 405 2059 (octe,
420 1975 479 2041 sios
490 1985 557 2060 post
576 1979 725 2042 eonditum
741 1979 888 2045 itidenti-
941 1982 1040 2053 tates,
1077 1993 1136 2040 uec
1167 1984 1361 2058 personatus.
1395 1978 1514 2041 Deinde
1546 1979 1579 2042 id
1605 1983 1707 2062 ipsum

122 2089 204 2146 naen,
220 2088 274 2151 per
285 2069 472 2154 receptionem
485 2072 608 2134 suendi
619 2073 827 2153 quomodolibet
841 2075 888 2136 in·
940 2067 1082 2154 procedit
1095 2069 1134 2132 de
1147 2069 1331 2131 canonicatu
1341 2071 1373 2134 et
1380 2069 1518 2134 Ecclesia
1525 2073 1705 2152 parochiali,

122 2161 316 2244 compcdbilis
337 2171 424 2226 occet
442 2164 528 2247 pune
548 2163 715 2246 unquam
734 2165 792 2246 epse
810 2165 885 2228 iure.
940 2163 1111 2226 dnmmodo
1134 2163 1203 2224 brec
1223 2179 1287 2223 non
1314 2162 1353 2224 sit
1379 2164 1466 2226 uuile
1489 2165 1704 2230 conculcatui:

122 2287 164 2303 -
176 2257 272 2337 Resp.
292 2258 329 2319 ll.
355 2257 400 2319 lla
418 2255 510 2333 lacto,
527 2257 591 2319 sive
605 2262 675 2336 post
687 2257 808 2320 concilii
820 2259 887 2321 Tri·
942 2257 1014 2338 quio
1036 2254 1159 2318 esclusa
1180 2255 1234 2317 tali
1256 2254 1373 2316 unione
1392 2255 1553 2335 quodlibet
1570 2259 1708 2339 ipsorum

122 2349 265 2422 denunt,
290 2343 468 2429 quicunque
486 2349 577 2430 plura
597 2349 751 2414 beneflcio
770 2357 886 2428 curata
941 2349 1072 2429 requirit
1093 2347 1291 2428 personalem
1311 2347 1526 2427 residentiam,
1547 2350 1648 2431 qualis
1667 2350 1712 2412 ab

121 2439 189 2500 sive
212 2439 289 2502 alias
301 2439 546 2518 quomodolibet
566 2440 823 2522 incompatibilia,
848 2445 890 2506 si-
942 2443 1055 2505 eodem
1067 2441 1100 2503 iu
1114 2441 1242 2504 diversis
1256 2440 1332 2504 locis
1345 2442 1708 2525 presuuuaquitddem

121 2531 190 2594 mul
204 2533 367 2614 receperit,
384 2553 439 2614 per
452 2533 650 2614 adeptionem
666 2537 794 2600 secundi
808 2539 889 2617 paci·
942 2536 1006 2597 duo
1019 2533 1171 2597 beneflcio
1185 2533 1348 2615 simplicis,
1370 2533 1394 2596 si
1416 2535 1576 2616 quodlibet
1597 2537 1710 2599 bourn

121 2626 193 2705 lice,
209 2631 305 2705 atque
323 2627 527 2690 effectualiter
540 2629 685 2707 possessi,
701 2647 773 2691 mox
796 2632 889 2710 priori
943 2627 1139 2709 personalem
1153 2625 1354 2691 residentiam
1369 2628 1525 2708 requirat;
1541 2631 1590 2692 vel
1603 2631 1629 2691 si
1648 2629 1711 2710 pri*

121 2719 277 2782 ιιιιιιιὶιίο
291 2724 338 2782 est
350 2719 418 2799 ipsc
430 2721 501 2799 jure
516 2721 671 2800 privatus3
689 2721 793 2802 sicque
807 2724 889 2786 istud
943 2738 1151 2782 mam-eorum
1172 2721 1212 2783 sii
1232 2719 1387 2782 sufficiens
1406 2721 1447 2784 ad
1465 2723 1628 2786 honestam
1648 2725 1715 2786 cle·

121 2819 225 2876 vacat.
263 2815 309 2875 lta
343 2831 431 2875 sacra
459 2814 658 2895 congregatio
685 2814 890 2879 cardinalium
943 2814 998 2877 rici
1020 2813 1296 2877 sustentationem:
1321 2831 1395 2874 nom
1422 2815 1460 2876 et·
1481 2815 1541 2878 ista
1565 2820 1640 2880 sunt
1665 2817 1711 2877 iu-

122 2905 248 2967 concilii
270 2904 440 2968 Tridentini
454 2908 672 2987 interpretum.
687 2905 821 2983 Rota,et
835 2907 890 2971 do-
944 2907 1171 2986 compatibilia,
1202 2911 1235 2968 ut
1260 2903 1380 2968 dictum
1407 2909 1550 2986 saperius
1566 2927 1610 2971 u.
1637 2911 1707 2972 213.

122 3005 226 3064 atores
247 3000 388 3082 proxime
412 3000 552 3063 citandi:
573 3001 725 3083 quidquid
749 3010 890 3084 spectate
943 3003 1012 3062 211.
1031 3003 1064 3062 et
1076 3015 1163 3078 seqq.
1189 2997 1294 3078 sicque
1314 3013 1372 3076 per
1391 3001 1619 3064 assecutionem
1642 3017 1712 3081 pes·

119 3097 195 3177 juae
215 3095 372 3156 communi
394 3094 426 3156 in
449 3093 625 3174 oppositum
647 3101 752 3158 teneat
774 3097 890 3160 Navar-
944 3090 1066 3154 terioris
1079 3095 1169 3152 necat
1182 3089 1268 3170 prius
1288 3089 1356 3170 ipso
1375 3089 1465 3169 J'ure3
1491 3097 1583 3171 prout
1606 3109 1712 3154 exem-

121 3207 178 3250 rus
201 3187 311 3251 consil.
338 3191 386 3251 17.
406 3185 443 3250 de
464 3186 618 3250 Prodend.
640 3206 713 3250 eum
735 3191 891 3252 nonnullis
944 3183 1240 3266 plltloetFaguanus
1253 3181 1305 3244 eit.
1322 3199 1349 3243 c.
1375 3181 1420 3246 Ile
1440 3183 1544 3246 multo.
1569 3201 1602 3245 n.
1625 3187 1656 3246 3.
1670 3186 1712 3246 el

122 3281 204 3358 aliis,
230 3297 362 3360 quoram
382 3279 620 3344 fundamentum
647 3282 717 3344 laco
742 3281 890 3362 objectio-
945 3293 1032 3358 seqq.
1049 3277 1082 3339 b.
1098 3282 1120 3338 t.
1137 3293 1280 3338 asserens
1302 3275 1478 3354 inieratis,
1506 3277 1522 3338 ι’
1544 3274 1630 3356 quod
1651 3275 1712 3356 pri·

121 3391 200 3434 num
214 3380 358 3454 ponetur.
947 3389 1034 3432 mum
1056 3369 1244 3433 beneficium
1268 3369 1409 3450 simplex,
1434 3370 1461 3432 si
1483 3369 1523 3431 sil
1543 3368 1710 3442 sufficiens,

164 3467 234 3529 291.
259 3463 354 3548 quue
364 3465 510 3548 protam
521 3485 559 3530 en
571 3465 666 3529 υινιίι
678 3467 807 3548 ejusdem
820 3487 887 3531 eon-
946 3483 1002 3546 per
1014 3464 1225 3544 receptionem
1238 3462 1366 3527 alterius
1384 3461 1503 3553 similis,
1523 3467 1554 3524 et
1571 3461 1712 3524 similiter

122 3557 247 3621 citit·
259 3555 348 3622 Ratio
363 3557 568 3621 conclusionis
583 3566 630 3622 est
642 3578 650 3620 :
661 3559 890 3640 Quiadelacto,
946 3555 1082 3638 primum
1099 3555 1296 3636 personalem
1317 3553 1517 3618 residentiam
1537 3553 1710 3634 requirens,

125 3653 193 3713 sive
207 3669 265 3732 per
278 3652 444 3714 concilium
456 3652 670 3715 ‘lbidentiuum
684 3671 760 3716 sess.
777 3660 808 3718 ’1.
821 3673 889 3736 cap.
946 3651 1019 3713 licet
1031 3667 1094 3710 nen
1107 3654 1262 3725 curatum,
1277 3663 1336 3710 neu
1350 3647 1518 3724 sufficiens,
1534 3665 1590 3728 per
1603 3665 1713 3728 recep·

122 3765 167 3810 rr.
190 3745 227 3810 de
251 3745 380 3828 Referta.
404 3745 490 3828 rigor
511 3747 709 3827 antiquorum
736 3766 892 3811 munuum
945 3745 1063 3808 bouem
1077 3740 1205 3804 secundi
1219 3740 1339 3817 similis,
1354 3749 1466 3804 vacam
1482 3743 1549 3822 ipsc
1566 3742 1657 3822 jure:
1678 3747 1714 3806 nl

124 3847 176 3902 est
197 3839 329 3902 mulium
352 3844 578 3920 exaggeralns;
594 3843 627 3902 et
640 3858 713 3901 cnm
725 3839 785 3915 isli,
801 3840 892 3903 indu·
945 3855 1001 3920 per
1014 3839 1125 3900 Rotam
1141 3835 1236 3898 decis.
1252 3838 1370 3898 191.ιι.
1387 3838 1417 3896 1.
1432 3841 1520 3916 part
1534 3838 1558 3898 1.
1580 3838 1710 3898 Recent.
1727 3871 1731 3886 ·

124 3933 227 3996 cando
243 3931 437 3995 vacationem
460 3932 528 4011 ipso
539 3931 736 4012 jnre‘prioria
748 3932 894 3996 beneficii
944 3933 984 3994 Et
996 3931 1040 3993 ita
1054 3929 1168 4010 sepius
1180 3927 1239 3990 fuit
1250 3944 1436 4008 responsum
1454 3937 1474 3991 'a
1494 3946 1558 3991 sac.
1581 3933 1713 4009 cunpe-

123 4045 183 4107 per
196 4025 407 4106 receptionem
421 4025 559 4098 alterius,
576 4026 608 4086 in
622 4027 673 4088 cit.
690 4045 718 4088 e.
730 4025 891 4092 lle'multo.¹
931 4023 1070 4102 ,ganuae
1085 4021 1290 4084 cardinalium
1313 4021 1454 4101 ejusdem
1474 4021 1594 4084 concilii
1615 4023 1712 4086 inter-

123 4121 158 4181 b.
184 4125 207 4182 t.
232 4123 264 4180 et
285 4119 450 4198 Ειιιιιιις.
473 4115 670 4181 Eaeercdilia.
697 4119 768 4182 eod.
783 4119 892 4200 loque·
946 4122 1080 4197 pratum.
1100 4116 1205 4177 »Haec
1218 4113 1281 4176 ille.

123 4215 235 4273 rentur
257 4209 409 4272 duntaxat
426 4209 467 4271 de
480 4209 640 4272 beneficiis
653 4211 778 4286 emotis,
793 4211 892 4292 digni·
986 4213 1056 4272 nee.
1078 4207 1210 4290 Idipsum
1234 4205 1380 4290 predctor
1406 4205 1563 4287 multiplici
1581 4205 1715 4268 deom-

124 4303 255 4380 tatibus,
271 4301 488 4382 personatibus
510 4309 542 4364 et
568 4303 687 4378 officiis,
709 4307 744 4366 nt
763 4304 890 4368 dictum.
947 4299 1023 4366 none
1044 4317 1142 4363 'more
1163 4298 1392 4382 conprepctionls
1417 4297 1541 4360 concilii.
1570 4328 1609 4344 -
1636 4301 1714 4362 Gon·

125 4395 298 4458 Concilium
323 4393 536 4457 Tridentinum
550 4395 609 4457 loc.
626 4397 676 4458 cit.
693 4397 828 4478 idipsum
843 4414 892 4459 ex·
945 4395 1098 4472 firmatur,
1115 4393 1269 4473 simulque
1291 4389 1534 4471 exemplificatur
1556 4391 1714 4454 conclusio

124 4487 226 4550 tendit
249 4485 290 4548 ad
312 4503 507 4567 quaecunque
525 4487 631 4550 cubas
649 4489 893 4570 incompatibilia
947 4487 1108 4568 multiplici
1130 4485 1336 4548 declaratione
1360 4483 1502 4564 ejusdem
1524 4501 1625 4546 sacro.
1643 4503 1715 4546 con-

123 4579 293 4654 benelieia3
306 4578 893 4662 eccledastieaoprontloquitnrtextus
947 4579 1148 4660 gregaticuis.
1174 4577 1348 4658 Aliquando
1371 4576 1457 4638 enim
1488 4577 1626 4656 censuit,
1658 4579 1716 4641 ba-

124 4671 388 4752 eiusdemquae.
399 4673 526 4735 relatas.
537 4675 628 4737 Hisce
639 4675 723 4736 enlm
737 4675 893 4750 verbis‚ut
947 4672 1031 4734 beati
1062 4671 1246 4734 Mandalum
1277 4671 1434 4732 sufficiens
1461 4687 1554 4751 posse
1587 4671 1713 4751 pidem

124 4765 360 4840 observatilola
366 4764 461 4826 decis.
473 4767 542 4830 183.
554 4782 586 4828 n.
598 4769 628 4828 3.
644 4770 726 4846 part.
741 4768 763 4829 1.
776 4765 889 4828 Dtoera
947 4765 1079 4830 conferri
1091 4763 1188 4842 aliud,
1204 4763 1259 4824 sed
1273 4763 1381 4826 babila
1394 4764 1590 4844 possessione
1604 4767 1714 4826 seeun-

125 4861 159 4920 et
167 4857 336 4936 Fagnanus
344 4873 372 4917 c.
380 4853 572 4919 Homolion.
582 4857 653 4921 ab.
664 4863 686 4920 ι.
696 4857 794 4920 citans
802 4859 890 4936 alios,
946 4860 992 4935 di,
1014 4877 1127 4922 uacare
1150 4859 1285 4939 primum
1307 4857 1485 4935 sufficiens;
1509 4865 1603 4939 prout
1618 4857 1713 4924 roten

125 4952 334 5009 memoratam
355 4947 514 5012 decretum
528 4949 649 5013 concilii
663 4949 831 5012 Tridentini
845 4951 892 5013 lo·
947 4955 1113 5032 Fagnanns
1127 4951 1188 5012 loc.
1205 4951 1256 5012 cil.
1272 4968 1305 5014 n.
1320 4943 1351 5014 1.

125 5041 234 5121 quitur
257 5041 446 5121 generaliter
467 5042 507 5104 de
521 5041 759 5122 quibuscunque
773 5042 892 5106 benefl-
986 5046 1056 5106 237.
1078 5041 1257 5124 Beneficium
1269 5043 1417 5125 sufficiens
1435 5041 1475 5105 nd
1493 5042 1640 5107 demtum
1658 5046 1716 5108 ote-

125 5133 184 5196 ciia
205 5132 490 5212 incompatibilibus
511 5135 618 5217 nigore
633 5151 828 5216 quorumque
841 5153 894 5198 oa·
943 5137 1005 5200 rici
1016 5136 1258 5212 sustentatiencra,
1273 5145 1361 5200 uccot
1376 5155 1430 5220 pen
1447 5135 1605 5219 potificem
1625 5136 1716 5219 edep-

124 5241 270 5288 nonam:
295 5241 355 5287 nea
375 5243 409 5288 se
432 5227 589 5309 restringit
606 5227 779 5291 adtentum
793 5227 845 5290 cit.
861 5243 889 5291 c.
948 5232 1052 5294 tionem
1072 5229 1202 5304 olenus,
1227 5230 1315 5293 etiam
1335 5230 1372 5293 de
1391 5247 1421 5291 se
1442 5228 1655 5312 insufficientia
1675 5267 1716 5282 -

123 5319 287 5400 Bemulto,
309 5320 380 5384 eod.
403 5339 476 5384 cum
495 5323 676 5404 opposuerit
697 5324 743 5404 ly,
763 5322 892 5386 Praeer-
949 5328 1048 5404 Atque
1062 5323 1145 5386 istud
1163 5325 1329 5404 ampliatur
1350 5322 1391 5384 ad
1413 5339 1487 5384 eum
1509 5341 1627 5400 casum,
1651 5342 1714 5406 qno
1775 5344 1780 5353 ·

126 5415 196 5490 trin,
210 5431 280 5493 quoe
295 5421 341 5478 est
355 5415 449 5481 dictio
463 5417 670 5498 implicatira3
686 5424 780 5501 atque
791 5417 893 5501 impli-
947 5417 1121 5482 secundum
1130 5417 1323 5482 ⁴beraetloium
1336 5416 1381 5479 de
1389 5434 1429 5480 se
1437 5415 1517 5480 leret
1525 5417 1715 5482 insufficiens
