4016 6056
254 232 314 298 eso
344 249 348 258 ·
438 223 508 293 trs.
531 222 580 294 br.
601 219 812 294 obseurat.
834 233 906 294 rm.
928 233 965 294 v.
989 219 1038 293 ert
1059 219 1284 294 rabaudus
1306 221 1353 291 ar
1372 218 1664 290 promanarunt.»

292 365 361 426 sto.
386 361 566 424 Concordoto
599 361 762 427 Gerrunio
792 383 849 426 noer
876 363 1018 447 deropoat
1070 365 1265 447 ignoranter,
1293 361 1459 441 eontigerit
1483 359 1648 422 stenen:
1677 377 1692 416 e
1728 355 1835 435 doque

251 474 288 518 ee
315 465 372 519 toto
402 457 512 538 repulia
545 457 746 520 cancellario:
777 455 865 540 idque
896 457 1017 521 ostead-
1069 475 1231 538 nunquam
1246 453 1468 536 potestbaberi
1481 451 1667 526 benefidae,
1683 448 1837 511 ettr'tulue

251 559 301 612 tur
325 551 471 634 coemptis.
500 585 539 599 -
566 551 719 626 Quaeritur
744 553 780 614 li.
805 551 914 615 Utrum
941 571 1015 616 con·
1066 552 1182 631 justus,
1206 555 1300 629 atoue
1317 546 1474 630 possessio
1497 545 1647 626 requisita
1670 543 1711 605 ad
1733 541 1837 623 legiti-

251 645 379 708 cordata
401 645 572 708 Germaniae
597 665 636 710 ex
655 651 719 709 toto
738 645 889 728 derogent
902 646 1017 726 regulis
1069 663 1155 707 mem
1169 645 1443 724 praescriptionem.
1460 640 1581 704 Etenim
1596 637 1760 701 decretum
1770 635 1840 697 irn'-

251 739 470 802 Gaooeilariset
492 741 584 820 Resp.
616 739 777 822 Negative.
807 743 885 802 Nam
912 747 946 804 ut
971 739 1018 802 in-
1069 743 1139 800 tene
1153 737 1250 800 inlicit
1262 737 1364 818 ipsum
1385 734 1527 813 titulum,
1552 739 1648 812 atque
1665 729 1840 812 paremio-

252 831 318 912 quit
352 833 462 914 Georg.
501 831 646 894 Brenden
674 850 769 912 super
793 832 910 895 eisdem
939 829 1018 896 Con·
1070 851 1154 906 nem,
1169 851 1233 893 uon
1241 825 1382 894 obstante
1390 829 1564 911 ignorantia
1573 825 1688 904 aliqua.
1702 823 1836 888 Flamin.

249 921 383 1004 ,rodata
417 931 527 1006 quaest.
560 929 590 989 9.
627 943 750 987 numer.
783 943 876 987 nemo
913 926 1016 989 dicere
1068 926 1215 1002 Parisios,
1232 923 1427 1005 eleliesipeul.
1445 921 1560 1003 benefic.
1575 921 1597 982 i.
1612 919 1665 983 Vl.
1679 919 1835 999 quarem

252 1019 387 1098 poterit,
427 1037 484 1102 per
523 1019 708 1081 concordata
749 1019 927 1098 hujusmodi
965 1037 1017 1081 su·
1069 1033 1190 1079 numer.
1211 1019 1249 1090 5;
1274 1015 1434 1090 Gouraios,
1457 1014 1498 1075 ed
1511 1033 1577 1094 reg.
1602 1017 1631 1077 8.
1649 1011 1837 1082 omasum,

252 1109 376 1188 blatas,
407 1117 439 1176 et
473 1113 574 1176 irritas
603 1111 721 1176 censeri
756 1129 864 1175 omncs
892 1113 1017 1194 regulas
1070 1109 1164 1190 gloss.
1179 1112 1229 1184 67,
1246 1127 1278 1171 rr.
1294 1112 1379 1172 beet
1393 1123 1478 1189 seqq.
1493 1126 1501 1181 3
1519 1106 1667 1180 Barbosa,
1691 1107 1780 1168 beet.
1803 1101 1840 1165 de

252 1205 469 1268 Ganceiiariae:
485 1204 637 1288 siquidem
655 1205 796 1286 reguiam
818 1207 1016 1272 cancellariae
1071 1201 1227 1281 clausulis,
1243 1203 1340 1266 olaus.
1357 1206 1406 1278 td,
1421 1221 1454 1264 ιι.
1470 1205 1519 1279 2³,
1534 1201 1634 1264 οἰιιιιιι
1646 1199 1734 1263 alios.

251 1295 296 1358 De
313 1298 428 1379 alprat,
455 1317 510 1363 seu
537 1299 577 1362 de
605 1299 734 1361 infirmis
761 1299 1012 1380 resignantibus:
1109 1299 1179 1360 553.
1201 1295 1330 1360 Romani
1350 1293 1499 1377 pontifices
1519 1311 1670 1374 amputem
1686 1291 1840 1374 repaese-

251 1389 327 1450 item
340 1390 473 1471 regulae,
488 1390 621 1454 Demolc
633 1392 783 1473 promotes,
800 1391 845 1454 De
867 1393 1019 1456 verisimili
1069 1388 1440 1452 nmtcootrcoeatioatbra.
1456 1419 1497 1436 -
1515 1390 1617 1468 Atque
1635 1386 1752 1448 idcirco
1774 1385 1838 1447 Ro·

250 1482 544 1561 nontiaverunt
554 1503 723 1568 possessore,
744 1485 954 1567 Betrienoolt',
979 1505 1015 1551 ac
1069 1483 1153 1546 mani
1167 1483 1331 1564 pontifices
1342 1500 1504 1563 nunquam
1521 1481 1745 1562 acquieverunt
1760 1495 1839 1540 eon·

251 1573 439 1654 hujusmodi,
455 1577 548 1640 etiam
562 1579 594 1638 in
608 1579 784 1654 Germania,
802 1585 834 1641 et
853 1581 934 1643 oiroa
956 1581 1016 1643 ho·
1069 1576 1326 1654 treventionibus,
1343 1593 1399 1640 seu
1412 1573 1837 1646 nonusoiooucordatorum,

248 1667 300 1747 jus
313 1666 463 1732 beneficia
476 1671 579 1733 locum
601 1670 728 1748 habere,
751 1670 917 1735 indubitati
934 1673 1016 1753 jarria
1070 1670 1126 1733 sed
1140 1685 1326 1750 paruaque
1340 1669 1502 1734 amariore
1516 1669 1588 1732 data
1602 1665 1839 1748 semperdeola·

252 1763 309 1822 est.
324 1760 431 1842 itaque
445 1764 632 1827 concordata
646 1765 819 1826 Germaniae
843 1765 943 1827 solem
964 1765 1017 1828 de·
1069 1765 1189 1837 rarum,
1204 1767 1298 1842 atque
1312 1759 1390 1825 Rota
1405 1761 1518 1842 saepius
1528 1761 1682 1842 judicarit
1697 1775 1791 1822 omne
1806 1764 1839 1821 et

250 1859 363 1934 rogent
384 1855 500 1936 regule
522 1856 720 1920 Caneellariae
743 1856 846 1936 quoad
867 1875 921 1934 es,
946 1875 1015 1938 quc
1070 1873 1271 1936 quascunque
1297 1855 1488 1934 provisiones
1515 1861 1622 1918 contra
1649 1853 1838 1918 concordate

251 1947 331 2009 circa
354 1950 592 2013 reservationem
614 1949 837 2013 beneficiorum
868 1950 926 2012 sihi
947 1969 1016 2032 pro·
1069 1948 1110 2010 ab
1124 1947 1288 2010 ordinariis
1302 1951 1478 2026 arcuatas,
1494 1947 1589 2010 tuisse
1608 1948 1721 2022 nubas,
1744 1951 1777 2009 et
1797 1945 1840 2008 ir-

251 2040 317 2120 prr'a
339 2043 516 2118 continent,
550 2061 606 2108 sau
628 2043 801 2126 specialiter
823 2043 1013 2124 disponunt:
1069 2043 1164 2106 ritas:
1180 2048 1275 2122 prout
1292 2047 1390 2119 notat,
1410 2045 1506 2123 atque
1528 2041 1672 2105 adducas
1694 2041 1839 2122 pluribus

252 2135 364 2214 junctis
386 2135 445 2197 illis
467 2155 537 2218 qua
560 2138 642 2200 ciros
663 2138 793 2199 modum
816 2143 1013 2213 annuarum,
1069 2134 1287 2210 decisionibus,
1305 2137 1669 2212 artemonianos
1682 2139 1838 2217 questa

252 2225 323 2289 Sedi
337 2228 514 2308 apostolica
528 2229 1016 2311 persolvendarum,eademoon-
1069 2247 1102 2292 ιι.
1126 2233 1185 2307 tt,
1210 2231 1405 2310 obsequitur
1426 2231 1563 2314 Pirbing,
1587 2231 1619 2292 h.
1636 2236 1674 2306 t.,
1701 2247 1733 2292 n.
1763 2231 1836 2292 363·

251 2320 377 2383 cordata
391 2321 596 2405 Germaniar§
615 2327 644 2387 5.
670 2341 749 2386 vers.
773 2321 894 2386 Placeat
912 2324 1016 2387 simili-
1068 2325 1132 2387 not.
1149 2329 1179 2388 5.

252 2421 304 2492 ter,
320 2415 512 2480 ordinarunt.
535 2419 652 2481 Verum
674 2417 714 2480 de
737 2417 859 2479 eunetis
881 2436 1015 2481 commo·
1107 2421 1179 2481 553.
1202 2417 1333 2502 idipsam
1360 2417 1520 2480 emme
1537 2415 1646 2499 probet
1668 2413 1745 2477 bellu
1769 2411 1841 2476 cre·

250 2507 323 2570 diua
341 2507 425 2584 aiibi,
451 2510 592 2575 videlicet
612 2510 667 2579 lib.
692 2509 730 2574 V.
755 2511 801 2574 tit.
829 2511 879 2575 Ili.
907 2511 942 2577 de
965 2509 1015 2575 St·
1068 2511 1170 2573 meab's
1185 2511 1253 2575 VII.
1269 2511 1425 2575 Admonet
1437 2527 1505 2572 nos.
1520 2543 1560 2559 -
1574 2509 1712 2586 Accedit,
1731 2513 1764 2572 et
1776 2507 1839 2569 boc

251 2599 359 2663 monto.
1069 2601 1837 2688 ipsumciarissimeprobetbussaciementisvii.

289 2693 359 2755 tlt.
384 2692 580 2758 comedero*
602 2693 765 2760 Gemonios
790 2697 890 2779 aequit
909 2699 1016 2782 opponi
1069 2715 1140 2778 quer
1154 2699 1272 2779 incipit,
1288 2698 1435 2760 Admonet
1446 2717 1507 2776 nos,
1525 2699 1558 2760 et
1573 2697 1796 2758 hebeturtom.
1812 2695 1836 2756 i.

250 2787 443 2869 proscriptio,
458 2798 511 2852 out
523 2791 652 2872 acceptio
664 2809 722 2852 oon
735 2809 789 2852 aaa
802 2793 944 2874 ipsoram.
960 2793 1016 2855 De-
1069 2789 1204 2852 Ballors'r'
1214 2791 1349 2853 Romani.
1365 2791 1521 2853 conseret.
1542 2794 1592 2852 tt.
1615 2788 1691 2850 dicti
1710 2784 1842 2849 Pontid-

252 2887 361 2941 cretum
375 2881 498 2943 irritans
510 2881 607 2963 inflat
619 2883 714 2966 ipsam
729 2884 857 2961 titatium,
872 2893 900 2948 et
906 2905 1016 2968 posses·
1069 2885 1123 2946 cis.
1139 2885 1173 2947 in
1188 2903 1250 2966 qus
1263 2885 1415 2965 imprimis
1432 2884 1574 2947 Portitor
1592 2881 1735 2962 deplorat
1752 2897 1840 2960 pru·

251 2972 368 3052 denen,
392 2991 450 3036 nou
476 2973 603 3037 obstante
628 2976 805 3058 ipoorootr'o.
834 3009 874 3026 -
901 2979 1016 3050 Queri
1070 2979 1277 3058 sumptionem
1290 2977 1496 3057 quorumdam
1510 2978 1710 3060 prelatorum
1728 2974 1843 3037 boola·

253 3069 304 3128 tur
315 3065 364 3127 111.
380 3065 489 3128 Utrum
506 3067 700 3130 concordatis
722 3069 896 3132 Germaniae
919 3073 1017 3150 possit
1070 3071 1148 3146 siae,
1189 3087 1248 3134 nec
1289 3087 1354 3133 non
1392 3071 1567 3151 principum
1613 3068 1842 3152 temporalium

254 3157 368 3239 opponi
381 3161 583 3241 prescriptio,
600 3167 655 3226 aut
669 3165 808 3245 exceptio
823 3165 863 3226 de
877 3183 941 3228 non
954 3181 1017 3227 usu
1070 3163 1266 3239 Germania,
1304 3163 1359 3243 qni
1392 3167 1462 3244 post
1491 3165 1598 3226 Romae
1625 3162 1841 3242 direptionem

251 3256 412 3338 ipsorum?
424 3259 519 3338 Resp.
535 3261 695 3342 negative3
711 3269 803 3341 prout
822 3279 861 3324 ex
875 3263 1015 3344 professo
1069 3263 1261 3338 usurparunt
1273 3257 1507 3340 dispositionem
1520 3257 1745 3320 beneficiorum
1763 3271 1841 3317 con-

253 3347 345 3411 tradit
357 3349 512 3430 Branden,
528 3356 638 3429 quast.
654 3355 684 3412 2.
700 3357 729 3415 3.
746 3359 777 3415 et
789 3358 819 3415 l.
836 3371 930 3436 super
942 3353 1016 3417 Coa·
1069 3355 1118 3415 tra
1132 3351 1266 3414 formam
1280 3351 1547 3414 concertatorum.
1568 3351 1687 3414 Deinde
1709 3347 1842 3430 subjun-

252 3441 526 3522 cordorliermon.,·
539 3443 674 3508 Gboirier
687 3445 1012 3528 adreg.80anceiler.
1069 3447 1124 3528 git,
1157 3445 1298 3526 quamds
1328 3451 1436 3508 contre
1461 3451 1705 3526 presumpturos
1731 3443 1841 3523 bajus·

255 3550 287 3598 ιι.
304 3537 433 3610 lct8.;
458 3537 606 3600 Nicolarts
627 3539 674 3601 tit.
697 3539 746 3602 111.
771 3555 865 3622 super
886 3539 917 3602 d.
940 3541 1017 3606 Coo-
1069 3539 1154 3602 modi
1174 3539 1363 3604 sufficienter
1384 3541 1447 3619 jam
1469 3539 1578 3602 luisset
1600 3538 1760 3620 provisum
1781 3555 1843 3618 per

253 3629 331 3691 cord.
360 3629 434 3692 dub.
464 3635 493 3694 2.
523 3649 583 3714 per
607 3637 726 3707 tourm3
761 3633 902 3717 Pirbing,
931 3636 961 3695 b.
991 3639 1013 3697 t.
1069 3631 1189 3695 Bollcm
1207 3633 1305 3697 Cena
1320 3633 1441 3697 Demetri
1447 3653 1463 3714 ,·
1481 3633 1683 3695 nibileminee
1703 3630 1843 3693 nonum·

253 3741 285 3786 ιι.
302 3725 371 3786 353.
388 3725 495 3788 etalii.
510 3727 599 3790 Ratio
623 3733 681 3804 est,
705 3730 772 3790 tum
796 3728 868 3807 quis
889 3742 1017 3790 concor·
1070 3728 1116 3789 los
1130 3727 1285 3809 praelatos,
1302 3745 1339 3792 ac
1353 3727 1509 3809 principes
1523 3727 1698 3808 prodictus,
1715 3745 1735 3788 a
1754 3743 1844 3806 pree-

254 3817 392 3880 datailia
405 3820 585 3883 solemniter
597 3829 714 3897 erecta,
730 3828 761 3884 et
775 3825 935 3901 acceptata
949 3823 1017 3885 tue-
1070 3821 1171 3883 missis
1185 3839 1248 3883 non
1263 3821 1424 3901 demetere,
1440 3823 1500 3884 etc.
1514 3821 1660 3896 Proinde,
1676 3839 1714 3883 ac
1733 3820 1839 3893 tertio,

254 3918 327 3976 runt
353 3905 410 3994 per
435 3915 566 3994 Papam,
597 3921 629 3979 et
654 3913 808 3996 princpes
830 3915 1015 3992 Germania,
1069 3913 1169 3976 dietus
1187 3913 1328 3977 Pontifex
1347 3915 1493 3988 declarat,
1516 3915 1697 3978 collationes
1720 3913 1842 3975 musti*

253 4009 414 4087 totamque
431 4008 588 4071 naborem
612 4009 719 4071 istam:
746 4010 851 4088 sicque
873 4008 1017 4072 abierunt
1068 4005 1187 4066 ciorum
1202 4013 1309 4070 contra
1329 4007 1459 4069 formam
1481 4006 1739 4070 concordatoruur
1760 4005 1843 4067 liar·

255 4103 287 4162 in
310 4105 447 4182 pactum,
471 4103 557 4183 quod
578 4101 762 4166 omnimodis
786 4107 833 4166 est
847 4103 1017 4164 observen-
1069 4099 1181 4161 marrier
1195 4099 1293 4164 factae
1306 4102 1357 4163 rcl
1370 4101 1402 4161 iu
1412 4101 1571 4180 posteram
1585 4098 1754 4172 hebudes,
1767 4097 1842 4158 irri-

256 4193 350 4256 dum:
367 4213 438 4256 cum
458 4197 526 4276 eius
548 4195 693 4277 obligatio
716 4195 755 4256 sit
777 4193 816 4258 de
835 4196 906 4276 jure
929 4201 1016 4256 natu·
1068 4195 1117 4255 tes
1140 4209 1228 4272 esse,
1253 4196 1436 4274 nullumque
1459 4193 1582 4256 titulum
1604 4193 1658 4254 iiia
1685 4190 1840 4254 berebde

255 4285 322 4361 reli,
347 4291 378 4348 ct
399 4286 550 4366 gentium,
565 4303 633 4365 cap.
650 4303 671 4349 1.
694 4285 1017 4362 arcamarcaa
1070 4287 1241 4366 possidenti
1256 4287 1359 4364 tribui,
1378 4305 1436 4350 nco
1450 4285 1777 4366 quemquamlrcoroe
1799 4303 1843 4348 ex

254 4377 275 4440 l.
292 4382 315 4440 l.
329 4379 362 4440 a.
379 4380 451 4441 eod.
466 4397 537 4441 oum
551 4379 722 4454 similibns;
743 4387 809 4443 urm
823 4379 1016 4460 quiavoiene
1071 4380 1310 4461 eisperosptos,
1337 4381 1386 4443 vei
1409 4381 1635 4460 percipiendos,
1660 4399 1752 4460 posse
1773 4379 1841 4442 uilo

255 4471 411 4535 declinere
434 4473 632 4548 concordata,
655 4473 819 4555 allegando
840 4489 903 4534 non
925 4487 1015 4534 usum
1070 4489 1207 4554 unpram
1221 4473 1479 4554 temporalaeere
1494 4473 1646 4549 suos,sed
1659 4473 1841 4535 adiilomm

255 4567 404 4642 istorum,
425 4566 576 4630 incideret
598 4567 629 4628 in
652 4567 778 4649 regulas
804 4566 1013 4642 cancellariae,
1069 4567 1295 4630 restitutionem
1308 4567 1341 4627 in
1353 4569 1491 4647 utroque
1504 4567 1572 4628 toro
1590 4567 1757 4630 efficaciter
1770 4566 1842 4629 lore

256 4661 429 4741 harumque
444 4663 678 4740 reservationea
695 4679 765 4742 qua
779 4665 852 4722 suut
866 4659 1017 4723 collatori·
1070 4659 1235 4742 obiigatos.
1251 4659 1353 4724 Verba
1367 4667 1547 4724 memorata
1560 4661 1655 4724 bulte
1669 4661 1783 4724 darius
1800 4663 1842 4722 is·

257 4755 316 4818 bus
343 4753 507 4817 ordinariis
540 4755 698 4834 duriores,
732 4755 911 4837 quibusque
940 4753 1022 4817 nibil
1069 4755 1125 4818 tud
1140 4757 1288 4832 continet,
1303 4755 1390 4820 etita
1403 4761 1503 4819 sonat.

258 4851 371 4930 opponi
397 4851 500 4931 potest
532 4853 657 4929 praeter·
677 4848 824 4931 specialia
856 4849 1017 4913 nationum

258 4944 455 5006 concordate.
471 4943 626 5022 handen,
646 4945 697 5007 cit.
720 4949 829 5024 quoest.
854 4945 883 5006 l.
900 4963 932 5005 n.
956 4945 1014 5020 te;
1234 4920 1306 4980 54⁴·
1327 4915 1469 4998 3²me
1480 4917 1569 4980 05⁶⁰!st
1582 4911 1670 4981 Mla·

257 5038 323 5099 arm
337 5036 474 5114 taudem,
490 5037 563 5116 quia
578 5035 766 5098 concordata
782 5035 965 5109 Germaniae,
985 5035 1017 5096 in
1111 5062 1239 5114 mm,
1259 5063 1419 5131 nameus,
1442 5067 1548 5118 mm
1566 5063 1718 5120 mmm
1734 5062 1795 5117 m,

256 5129 318 5192 flue
340 5147 404 5192 sua
431 5131 673 5194 confimationis
698 5129 895 5210 aporboiioee,
919 5129 1018 5193 conti·

257 5229 332 5289 nent
364 5225 522 5290 decretum
556 5225 703 5300 inntens,
743 5241 805 5305 quo
842 5223 1019 5289 decernitur

262 5321 416 5382 airritum
439 5327 470 5384 et
491 5321 604 5396 inane,
633 5320 660 5382 ei
686 5335 777 5382 secus
804 5337 899 5402 super
925 5321 973 5382 bis
999 5335 1018 5382 a
1115 5319 1299 5383 «Admonet
1319 5337 1376 5382 nos
1399 5321 1604 5385 incumbentis
1625 5313 1715 5385 nobis
1731 5321 1834 5402 pam

260 5429 437 5500 quoquam,
466 5415 567 5498 gravis
587 5412 787 5495 auctoritate,
816 5413 1018 5478 scienterrei
1072 5413 1144 5478 ralis
1166 5415 1257 5478 officii
1281 5431 1367 5499 cura,
1391 5425 1426 5479 ut
1447 5433 1510 5479 nou
1534 5417 1637 5480 solum
1658 5417 1755 5498 nobis,
1776 5416 1830 5480 aad

1210 5185 1264 5260 bd,
1278 5186 1414 5253 futuram
1435 5187 1481 5258 rei
1501 5187 1696 5255 memoriam.
