4008 6074
225 277 295 342 LlB.
318 279 353 340 ll.
376 275 584 340 purumne.
605 277 677 341 rl'r.
701 275 791 338 XXX.
813 275 865 337 DE
886 275 1192 342 continuavere
1212 279 1322 353 ortu,
1344 279 1419 342 vat.
1438 277 1587 344 lNll'l'lLl.
1636 279 1693 343 ddl

120 411 385 476 nonlirmatiouem
398 411 432 472 in
445 410 547 473 torma
565 411 703 492 speciali,
726 411 777 472 vel
798 427 881 472 com·
934 413 1036 492 potest
1049 411 1088 475 de
1098 413 1169 492 jura
1185 412 1353 490 eommunl,
1370 431 1433 475 non
1446 419 1551 476 antem
1571 414 1612 476 de
1631 415 1698 494 pls-

119 507 225 566 mnnit
239 506 331 584 ltesp.
345 508 380 566 ln
394 505 582 568 resolutione
597 505 691 584 hujus
700 504 880 584 questionis
934 504 1075 568 nitudine
1108 507 1278 585 potestatis.
1312 510 1413 586 Atque
1440 507 1507 568 haee
1533 507 1697 581 sententie,

119 617 180 660 nou
194 598 362 660 convenire
377 598 531 662 doctores.
935 600 1014 660 sicut
1034 601 1081 660 eat
1102 599 1297 661 communior
1318 598 1493 675 doctorum,
1516 599 1558 662 na
1579 597 1699 660 ridetur

159 695 208 755 ll.
231 691 376 772 Refertur
387 693 526 754 sententio
539 692 738 768 ceurentium
756 703 824 757 tunc
837 695 882 756 ui-
935 691 1135 774 probabilior,
1150 692 1322 770 meritoque
1336 693 1509 766 retinenda,
1525 689 1699 753 saltemubl

119 785 184 848 deri
198 784 300 848 dutum
318 786 565 868 confinnotrlmcm
583 788 615 850 in
634 791 734 871 fumo
747 790 881 872 apomeli.
937 785 1040 866 agitur
1060 785 1100 846 de
1121 786 1300 864 prejudicio
1322 787 1416 849 tertii.
1444 785 1571 848 Accedit
1598 785 1697 858 ratio,

119 911 158 926 -
171 880 209 941 lit
227 879 354 958 quidam
372 881 480 942 illoesa
501 883 554 943 fin.
573 883 607 943 in
624 901 694 963 cap.
713 901 734 946 1.
755 886 787 946 h.
807 890 829 947 t.
853 887 885 948 et
938 881 1011 962 quia
1024 877 1217 942 confirmatio
1231 897 1269 942 er
1284 883 1370 942 certa
1388 879 1516 941 scientia
1533 885 1607 940 tuno
1625 893 1698 938 cen·

119 975 210 1036 ioan.
227 973 369 1034 Andreas
382 991 411 1035 c.
441 973 626 1038 Vencrcdiir's.
648 996 679 1039 ιι.
704 981 734 1040 9.
758 978 828 1039 eud.
853 981 886 1042 et
938 979 1023 1034 satur
1036 972 1128 1044 laam,
1143 969 1268 1050 quando
1282 972 1332 1033 val
1345 972 1426 1035 istud
1444 971 1644 1049 exprimitur;
1665 973 1701 1032 ut

120 1065 225 1128 Abbas
239 1081 267 1127 c.
281 1063 479 1130 Enominutu.
503 1087 535 1130 ιι.
557 1073 588 1143 6,
613 1070 645 1130 h.
669 1077 705 1146 t.,
731 1077 882 1146 asserunt,
938 1085 1006 1146 cap.
1022 1083 1045 1128 1.
1060 1065 1096 1128 de
1110 1063 1265 1129 Constitui.
1280 1066 1313 1127 in
1326 1069 1357 1127 6.
1374 1069 1405 1127 ct
1426 1085 1453 1128 e.
1476 1065 1514 1128 Si
1533 1073 1623 1126 mutu.
1647 1065 1697 1125 23.

121 1161 202 1240 quod
227 1161 253 1221 si
280 1177 363 1240 papa
385 1160 547 1224 confirmet
566 1163 682 1243 aliquid
706 1165 886 1248 simpliciter
937 1161 975 1224 dc
987 1159 1141 1224 Proedmd.
1157 1162 1190 1222 iu
1204 1165 1233 1223 6.
1249 1161 1299 1224 vel
1312 1161 1421 1222 saltem
1437 1177 1474 1221 ea
1487 1160 1522 1222 lit
1540 1176 1597 1239 per
1616 1158 1701 1238 prin·

120 1255 205 1316 nulla
219 1252 359 1316 musula
374 1257 526 1334 apposita,
541 1273 600 1318 nee
614 1275 759 1336 expresso
777 1265 884 1321 tenore
939 1255 1040 1335 oipem
1054 1272 1125 1315 enm
1138 1254 1248 1316 notitia
1262 1253 1400 1333 perlecta
1413 1255 1506 1316 totius
1519 1252 1646 1333 negotii,
1670 1257 1701 1314 et

122 1347 306 1421 confirmati,
334 1347 480 1410 rideatur
507 1349 690 1411 confirmare
721 1351 754 1412 in
785 1353 884 1414 forma
939 1350 1078 1410 omnium
1092 1349 1161 1426 ejus
1179 1347 1491 1420 circumstantiarum,
1511 1347 1598 1426 juxta
1619 1345 1700 1408 diota

121 1443 258 1522 speciali,
274 1459 311 1502 ao
324 1457 363 1501 ex
377 1443 463 1503 certa
476 1441 616 1505 scientia.
636 1443 885 1507 Fundamentum
938 1461 970 1503 n.
986 1445 1017 1504 ’1.
1033 1447 1065 1503 et
1076 1444 1106 1504 8.
1123 1442 1215 1521 Atqui
1229 1445 1330 1506 stante
1341 1441 1447 1519 dubio,
1458 1438 1700 1504 nullumhorum

122 1535 213 1614 hujus
229 1533 391 1596 mutantia
406 1535 472 1594 est:
490 1532 564 1611 quia
584 1533 630 1609 (ut
652 1541 886 1616 argumentatur
939 1536 1091 1610 habetur3
1108 1553 1194 1617 ergo.

122 1630 236 1703 Abbas,
252 1627 343 1708 ibid.)
359 1627 488 1688 verbum
507 1625 656 1708 confirmo,
671 1630 732 1691 alio
754 1647 818 1692 non
833 1647 886 1692 ex·
979 1633 1029 1692 tt.
1039 1629 1154 1692 Eodem
1162 1628 1306 1711 prodatur
1314 1629 1450 1711 emplius.
1463 1627 1612 1692 Concessio
1617 1627 1702 1710 prtia·

122 1741 240 1804 presso,
257 1739 296 1784 ex
308 1723 357 1784 sni
372 1729 483 1784 natura
497 1721 652 1800 importat,
668 1729 701 1786 ut
714 1741 780 1786 rem
794 1723 887 1788 faeiat
940 1723 1012 1804 capis
1025 1723 1056 1784 in
1068 1722 1155 1784 dudio
1167 1731 1210 1784 cu
1222 1719 1452 1802 interpretando,
1468 1728 1501 1782 ut
1521 1721 1598 1782 nulii
1617 1721 1702 1782 tertio

121 1816 264 1888 lirmam3
280 1819 372 1892 prout
389 1813 563 1876 desumitur
585 1831 623 1876 ex
642 1833 670 1878 c.
695 1816 778 1880 Inter
798 1815 888 1878 dilec-
939 1817 1086 1897 irrogetur
1102 1814 1321 1896 prejudicium.
1347 1814 1522 1876 -Deinde
1543 1812 1701 1876 concessio

123 1919 173 1971 tor.
188 1913 220 1972 6.
235 1911 254 1988 5
270 1906 425 1972 cucurum.
440 1907 475 1970 dc
487 1905 562 1970 Fide
575 1909 757 1972 minumum.
774 1911 826 1973 ubi
841 1911 888 1971 lo·
939 1909 1088 1990 principis
1101 1909 1135 1970 in
1148 1907 1258 1982 dubio,
1272 1913 1304 1970 et
1316 1907 1374 1970 nisi
1389 1925 1479 1970 secus
1500 1905 1699 1986 exprimatur,

123 2001 246 2083 quando
267 2003 307 2064 de
326 2003 532 2065 instrumento
552 2003 790 2081 confirmatorio,
810 2005 886 2068 diei·
939 2003 1169 2083 interpretanda
1197 2007 1257 2078 est,
1281 2010 1315 2065 ut
1336 2002 1413 2064 nulli
1437 2001 1526 2064 tertio
1549 2001 1703 2080 irrogetur

123 2103 190 2161 tur:
210 2099 398 2162 «Ultamen
421 2095 611 2176 intelligatur
634 2116 672 2160 eo
694 2101 799 2174 modo,
823 2117 885 2180 quo
938 2097 1163 2180 prejudicium,
1179 2115 1209 2160 e.
1225 2096 1322 2178 Super
1334 2115 1376 2160 eo.
1392 2100 1441 2159 l5.
1460 2094 1495 2157 de
1518 2093 1604 2176 Offic.
1626 2094 1701 2156 delc-

121 2191 221 2270 magis
242 2195 350 2270 posset
372 2189 487 2251 valere.
510 2211 526 2248 u
558 2189 647 2252 Unde
674 2191 782 2253 (ilonea
809 2191 883 2254 ibid.
937 2199 1000 2272 qut.
1017 2196 1125 2268 estque
1139 2190 1272 2268 amplius
1285 2191 1402 2252 dictum
1415 2189 1469 2251 lib.
1486 2191 1509 2251 l.
1525 2189 1572 2252 tit.
1589 2191 1638 2251 lll.
1659 2187 1703 2249 oe

124 2287 153 2360 t.
181 2281 292 2345 Valere.
317 2282 428 2344 amuda
450 2287 547 2358 notat,
572 2283 655 2362 quod
679 2285 722 2347 sic
744 2285 885 2348 facienda
938 2283 1107 2364 Runiptia.
1124 2301 1157 2344 n.
1174 2285 1279 2346 lauat
1292 2285 1363 2345 lli.
1384 2282 1477 2362 Atqui
1492 2281 1523 2342 in
1544 2281 1702 2362 proposito

121 2375 161 2437 sit
173 2374 401 2455 interpretatio,
416 2381 451 2437 nt
464 2393 514 2438 res
528 2376 568 2438 de
583 2394 644 2456 qua
659 2379 771 2458 agitur,
786 2381 886 2461 magis
939 2379 1128 2459 irrogaretur
1141 2377 1356 2458 prejudicium
1370 2377 1472 2450 tertio,
1488 2375 1513 2436 si
1528 2381 1628 2438 stante
1646 2375 1704 2434 du-

121 2471 233 2543 raleat,
249 2485 346 2548 quam
360 2473 478 2548 percat,
494 2487 522 2532 o.
537 2469 652 2534 Addutc
674 2470 710 2532 de
736 2471 820 2534 Veri.
843 2472 885 2534 u'-
939 2471 991 2532 hio
1014 2469 1194 2550 intelligitur
1221 2468 1413 2531 confirmatio
1442 2468 1522 2530 lactu
1554 2483 1592 2528 cx
1620 2471 1704 2528 certa

120 2563 199 2645 quit.
222 2579 296 2623 cum
316 2562 562 2625 concordantiis:
587 2571 619 2626 et
639 2571 883 2644 consequenter,
940 2561 1088 2624 seientia:
1123 2558 1258 2632 nullum,
1292 2558 1317 2619 si
1349 2558 1382 2618 in
1408 2559 1506 2619 torma
1521 2557 1703 2631 communi,

121 2663 224 2720 nante
243 2655 352 2730 dnbio,
373 2654 497 2718 ridetur
517 2657 708 2721 confirmatio
732 2677 800 2721 esse
820 2677 888 2739 spe·
941 2671 1026 2734 orgo.
1043 2654 1081 2716 Et
1093 2653 1166 2713 hino
1179 2651 1211 2712 in
1226 2669 1254 2714 u.
1278 2650 1410 2726 Dudum,
1435 2654 1486 2715 31.
1510 2648 1545 2712 ua
1567 2651 1702 2729 Dedmm

122 2750 219 2822 cialis,
236 2754 344 2810 utnon
357 2763 443 2810 mera
457 2749 531 2812 data
544 2750 576 2810 in
589 2750 691 2815 forma
708 2753 884 2828 eommuni;
941 2745 1133 2807 confirmatio
1141 2741 1231 2805 Sedis
1238 2742 1413 2822 apostoliea
1423 2742 1602 2824 simpliciter
1611 2743 1703 2817 lacta,

120 2862 192 2906 enm
207 2843 412 2920 heupamm,
427 2846 481 2906 aut
501 2843 578 2906 nihil
600 2845 711 2924 valeat,
738 2846 818 2910 bene
840 2851 889 2910 ta-
940 2839 1091 2920 accipitur
1110 2839 1151 2900 de'
1172 2837 1406 2900 confirmatione
1429 2839 1462 2900 in
1490 2840 1590 2901 torma
1618 2857 1704 2900 oom-

120 2955 194 3000 men
209 2935 274 2998 illa.
941 2933 1047 3007 muui;
1063 2933 1119 3008 ita,
1135 2937 1169 2994 ut
1183 2931 1258 2993 nulli
1271 2931 1360 2994 tertio
1374 2938 1544 3013 generetur
1557 2932 1707 3013 prejudi-

160 3029 399 3094 ratramnum
433 3047 492 3091 nan
522 3031 697 3112 prejudicat
716 3033 789 3114 juri
813 3051 890 3096 com-
943 3029 1037 3092 oium.

120 3123 525 3186 muni.-limitattamen
539 3124 623 3187 istud
637 3123 815 3188 Abbasloo.
834 3127 887 3189 eit.
983 3124 1032 3184 l5.
1055 3117 1216 3183 Solvuntur
1249 3118 1376 3180 rationes
1408 3117 1517 3200 purus
1546 3119 1703 3182 usnemun.

119 3235 152 3280 n.
177 3219 210 3279 5.
236 3220 271 3278 ct
291 3219 321 3278 6.
345 3215 514 3277 dnmmodo
537 3215 731 3281 confirmatio
760 3236 824 3279 non
850 3219 890 3281 sit
944 3214 1137 3298 Confimuutio
1150 3221 1245 3275 uctum
1258 3231 1295 3276 ca
1308 3211 1519 3290 ecinvulidum,
1535 3231 1592 3276 non
1609 3212 1707 3276 reddit

118 3313 230 3372 contra
242 3308 305 3388 jus.
321 3309 400 3370 Nam
420 3308 452 3368 in
474 3307 567 3369 dubio
588 3327 651 3370 uon
670 3316 815 3375 censetur
833 3313 890 3374 ali-
942 3309 1094 3384 calidum·
1116 3307 1173 3368 nisi
1193 3305 1348 3369 isuiirmde
1365 3303 1505 3368 reddatur
1522 3305 1646 3370 validm.
1667 3341 1706 3355 -

119 3401 199 3482 quid
222 3400 351 3463 concedi
374 3406 483 3462 annua
501 3401 553 3480 jue
575 3419 752 3484 commune,
774 3407 832 3468 nisi
857 3405 890 3468 id
942 3405 1006 3465 Nee
1020 3401 1144 3463 obstant
1156 3399 1294 3461 rationes
1307 3415 1340 3460 n.
1356 3403 1405 3462 ro.
1421 3399 1452 3461 in
1472 3401 1647 3480 oppositum
1661 3401 1707 3462 al·

118 3495 302 3576 specialiter
319 3494 526 3574 exprimatur:
555 3502 589 3558 ut
611 3515 637 3560 e.
662 3498 814 3564 Nonnulli.
837 3505 887 3566 28.
942 3498 1025 3560 tate.
1040 3495 1119 3556 Nem
1132 3492 1284 3573 imprimis
1302 3493 1441 3567 verbnm,
1465 3493 1615 3572 confimo,
1638 3494 1707 3555 red·

118 3589 155 3652 de
169 3587 316 3668 Rescript.
330 3589 437 3669 jmeto
451 3607 478 3650 o.
495 3589 754 3655 inclimentum
762 3595 888 3660 helui.
944 3591 989 3654 dit
1011 3588 1137 3668 quidem
1160 3593 1264 3648 aetum
1283 3584 1407 3648 lirmum
1416 3630 1427 3661 ,
1451 3588 1506 3648 sed
1524 3589 1613 3666 juxta
1634 3605 1709 3666 pro·

117 3682 150 3743 iu
166 3685 199 3744 6.
943 3683 1043 3764 priam
1072 3687 1217 3742 naturam
1243 3679 1360 3759 ipsine:
1385 3682 1428 3742 ita
1448 3680 1601 3759 videlicet,
1624 3681 1706 3742 utei

160 3775 213 3836 re.
238 3769 378 3854 Opposita
404 3773 545 3836 sententia
570 3793 718 3851 usrmcns,
747 3777 779 3838 in
805 3776 892 3840 dubio
944 3777 1033 3836 actus
1046 3790 1065 3833 a
1078 3775 1165 3851 perta
1179 3770 1225 3832 rei
1240 3776 1312 3832 aute
1322 3771 1360 3832 sit
1368 3771 1499 3850 validus,
1510 3771 1707 3834 firmiorred·

116 3865 243 3942 umeri,
269 3863 516 3944 confirmationem
536 3885 595 3930 erre
612 3868 722 3951 fuctum
743 3870 775 3932 in
793 3869 890 3950 sonno
945 3866 1053 3938 datum
1070 3862 1180 3925 saltem
1194 3880 1232 3923 cx
1246 3879 1296 3937 eo,
1311 3862 1383 3942 quia
1406 3862 1475 3942 plus
1495 3865 1574 3926 solet
1592 3865 1705 3943 umeri,

115 3958 287 4036 commersi,
317 3967 360 4020 cet
380 3961 558 4022 communior
579 3969 607 4023 ct
632 3963 821 4045 probabilior.
851 3995 892 4011 -
944 3960 1028 4041 quod
1043 3958 1241 4038 singulariter
1254 3957 1465 4032 confirmatur,
1481 3976 1547 4038 arg.
1564 3977 1592 4020 o.
1610 3958 1708 4034 (luun-

115 4049 306 4132 Oppositam
319 4068 391 4112 vero
405 4052 600 4130 seutentiam,
612 4055 676 4117 sive
690 4056 774 4135 quod
788 4056 819 4117 in
833 4057 892 4120 du·
944 4073 1043 4138 quom.
1058 4053 1129 4116 dist.
1145 4055 1196 4115 23.
1210 4052 1278 4112 Nou
1287 4051 1541 4127 tamenrerbum,
1554 4051 1706 4130 condrino,

114 4146 173 4208 bio
190 4144 314 4208 censeri
328 4144 452 4219 debeat,
468 4145 734 4212 confirmationem
748 4167 817 4214 esse
830 4150 893 4214 lac·
946 4165 985 4210 ex
999 4147 1046 4208 sui
1061 4151 1183 4219 natura,
1203 4150 1234 4206 ct
1254 4145 1313 4206 nisi
1331 4145 1415 4206 allud
1434 4144 1634 4223 exprimatur,
1655 4163 1707 4207 ao-

113 4245 185 4301 tam
206 4236 243 4298 iu
263 4235 363 4296 forma
385 4241 559 4314 communi,
582 4257 620 4302 cx
640 4242 780 4321 professo
799 4241 892 4305 tradit
944 4248 1012 4305 tum
1026 4257 1064 4302 ex
1086 4255 1120 4300 se
1144 4239 1314 4302 invalidum
1335 4236 1436 4300 reddit
1456 4237 1604 4301 validum.
1628 4239 1707 4311 Quin

113 4331 266 4393 meosa
277 4330 310 4390 in
324 4347 352 4392 o.
368 4328 413 4392 De
427 4329 716 4414 confirmationibus.
732 4353 764 4399 n.
779 4339 810 4400 3.
822 4337 855 4401 Ιι.
867 4343 889 4400 t.
944 4335 1048 4415 potius
1061 4329 1239 4412 oppositum
1253 4329 1324 4390 iude
1339 4327 1521 4390 deducitur:
1537 4345 1611 4389 nam
1624 4328 1709 4409 quod

112 4422 267 4502 allegans
279 4422 421 4485 Glossem
434 4425 552 4504 penult.
569 4426 636 4488 iul.
657 4425 714 4490 Eu·
734 4428 838 4491 undu.
861 4447 889 4492 a.
944 4445 1009 4490 non
1028 4431 1086 4504 est,
1109 4422 1308 4486 condemnari
1331 4421 1456 4502 nequit;
1481 4439 1553 4484 aum
1576 4421 1709 4499 qualitas

111 4514 151 4577 dc
164 4515 282 4578 Donat.
299 4515 383 4578 mter.
399 4517 457 4579 mr.
472 4525 500 4580 ct
519 4537 606 4582 uuor.
631 4527 662 4584 et
679 4523 892 4586 innocentium
945 4528 1023 4602 puta
1035 4518 1241 4593 confirmatio,
1256 4522 1410 4597 supponat
1422 4515 1607 4595 subjectum.
1619 4516 1711 4577 Intel-

111 4607 333 4672 communiter
346 4613 508 4690 receptum
522 4613 554 4673 in
575 4630 601 4674 e.
626 4612 757 4677 Dudum.
780 4615 813 4676 in
835 4615 890 4677 liu.
945 4615 1019 4695 lige,
1034 4612 1092 4674 uisi
1104 4610 1232 4688 ⁴aliunde
1246 4615 1333 4671 aetus
1347 4608 1397 4670 ille
1411 4607 1560 4670 reddatur
1575 4607 1708 4684 validus,

110 4700 151 4764 dc
165 4699 313 4762 Dunmu.
325 4719 340 4778 ,·
353 4702 476 4766 Gordiu.
491 4706 633 4768 Tusehus
656 4708 714 4772 litt.
739 4727 767 4772 o.
793 4709 890 4772 uoucl.
946 4723 1059 4786 nempe
1087 4723 1125 4766 ex
1152 4703 1295 4765 absoluta
1321 4701 1509 4765 auctoritare
1539 4701 1707 4782 principis:

110 4797 189 4870 708,
217 4811 254 4854 ιι.
279 4797 309 4870 2,
334 4813 371 4857 ac
396 4813 482 4878 seqq.
512 4801 697 4877 Alexander,
727 4802 826 4864 conol.
841 4805 891 4870 dit.
945 4805 1038 4883 prout
1052 4797 1163 4862 aocidit
1176 4797 1209 4858 iu
1230 4793 1465 4859 confirmatione
1486 4795 1622 4875 speciali,
1645 4794 1709 4855 eive

110 4907 148 4950 ιι.
175 4890 213 4950 8.
238 4885 295 4948 lib.
318 4889 342 4950 l.
372 4907 525 4971 maerens,
550 4895 636 4973 quod
656 4901 741 4957 certa
765 4895 893 4958 scientia
945 4896 1028 4966 laeta
1041 4911 1080 4958 ex
1094 4900 1178 4956 oertu
1192 4891 1331 4955 scicntia.

109 4997 184 5043 non
200 4987 424 5062 presumatur,
444 4985 503 5046 nisi
516 4987 683 5067 probeturr
706 4987 843 5069 Pirhing,
859 4989 891 5052 h.
986 4991 1035 5052 ld.
1058 4985 1106 5048 Ad
1133 4983 1184 5047 cit.
1208 5001 1236 5044 a.
1265 4983 1350 5046 Inter
1371 4981 1498 5044 diiemon
1529 4985 1559 5043 6.
1584 4977 1620 5040 dc
1637 4977 1711 5040 Fide

112 5083 139 5138 t.
158 5093 196 5136 n.
216 5075 269 5136 ld.
284 5075 382 5138 citans
396 5076 524 5140 Decium
539 5079 579 5142 ad
592 5079 706 5143 rubrio.
723 5081 755 5142 h.
771 5085 794 5144 t.
809 5099 842 5142 u.
853 5085 890 5156 'l;
946 5082 1129 5144 instrument.
1145 5077 1270 5162 dieitur,
1281 5075 1358 5139 illud
1372 5081 1453 5138 stare
1467 5075 1500 5135 iu
1512 5072 1709 5152 oppositum;

108 5165 246 5240 Gallus,
260 5164 315 5228 lib.
331 5168 367 5228 ll.
383 5167 512 5232 Ρναοιίι.
529 5171 683 5235 observat.
699 5175 728 5233 l.
744 5191 775 5234 ιι.
793 5176 846 5247 ll;
863 5177 895 5236 et
947 5191 1021 5236 nem
1034 5173 1128 5256 paulu
1150 5171 1277 5234 inferius
1297 5168 1448 5252 ejusmodi
1471 5167 1711 5228 instrumentum

107 5261 223 5324 Jasun
237 5256 260 5318 l.
276 5257 370 5322 llere.
386 5277 419 5322 n.
434 5263 483 5326 36.
499 5263 533 5328 ll.
548 5263 584 5327 dc
594 5263 796 5328 Jun'sdiction.
813 5285 891 5328 omn.
947 5265 1212 5329 confirmatoriam
1224 5265 1350 5328 Henriei
1364 5263 1410 5342 (ut
1423 5258 1593 5339 mechatur)
1611 5260 1713 5336 lmpe·

99 5349 219 5434 judic.
237 5347 345 5413 diceus
358 5369 430 5415 cum
443 5355 522 5432 aliis,
542 5357 626 5437 qnod
649 5357 680 5417 iu
700 5357 796 5419 dnbio
813 5375 894 5439 prae·
947 5357 1266 5438 ratorisreprohatur,
1281 5355 1348 5417 ibi:
1371 5373 1385 5411 u
1406 5352 1483 5412 Cum
1505 5348 1600 5430 igitur
1616 5347 1713 5428 priri-

108 5445 270 5508 sumatur
282 5447 426 5527 princeps
439 5449 640 5514 confirmasse
653 5469 691 5522 ao
704 5451 809 5529 modo,
830 5469 891 5533 quo
946 5452 1063 5534 legium
1076 5450 1201 5514 Hearici
1216 5444 1479 5512 confirmatorium
1502 5447 1624 5507 tanturn
1638 5442 1713 5506 arti·
