3994 6050
290 253 351 317 621
477 245 547 312 tls.
568 247 617 312 111.
638 245 847 310 necasset..
868 247 939 312 mn.
961 245 998 311 t.
1019 247 1070 310 DE
1090 243 1315 310 sabastius
1333 246 1679 313 sententialibus

293 391 384 448 16666
402 401 410 444 :
429 402 445 442 6
467 379 500 444 61
515 379 621 460 plures
643 378 784 442 obtinens
804 377 1056 460 dignitatesant
1107 383 1179 444 6161
1191 379 1262 440 666
1276 379 1455 459 6166616116
1470 381 1636 464 dignitates
1648 401 1706 465 per
1722 383 1854 466 adeptam

292 473 477 539 benedeium
491 489 598 536 euram
610 473 784 534 animarum
806 473 926 536 babens
947 477 1056 551 66666-
1107 470 1269 554 paoifieam
1295 473 1522 551 possessionem
1547 474 1646 537 terties
1679 477 1748 554 (6161
1774 497 1856 558 snper

291 573 347 646 161,
376 566 608 651 dispensatione
634 585 729 648 snper
749 569 809 630 boe
831 567 968 649 legitime
991 585 1055 638 non
1108 561 1167 624 beo
1189 562 1304 642 pariter
1325 562 1459 626 extiterit
1480 564 1703 650 dispensatum}
1726 587 1796 631 num
1811 572 1858 650 jus
1979 561 1980 572 ’

293 663 433 738 obtenta,
462 662 530 743 ejus
555 662 749 743 possessione
776 662 889 743 adapta
915 661 1053 742 66611166,
1108 671 1273 721 commune
1286 655 1356 734 plus
1371 653 1538 720 abhorreat
1558 662 1622 722 tres
1643 661 1805 740 dignitates
1822 663 1859 723 si·

216 748 218 757 '
293 759 469 840 dignitates,
497 773 576 836 quas
602 757 688 836 psus
713 755 859 831 6666661,
884 755 1054 836 166616616
1108 748 1173 809 mul
1187 749 1333 821 retinere.
1348 765 1443 827 quam
1456 749 1550 824 6666
1568 751 1859 835 ipsoquedispenaa·

293 868 403 912 666666
417 865 590 914 6666666666.
606 849 690 911 Siout
704 848 729 909 61
739 848 921 928 dignitatem
931 849 1055 911 unioam
1108 839 1207 902 tiones
1222 840 1423 915 6161661666,
1438 859 1476 904 ao
1489 844 1725 922 restringendae,
1740 865 1860 927 666666-

294 941 445 1006 obtinenti
463 941 525 1005 alia
544 941 653 1004 similis
672 941 868 1020 eonlaratur,
889 939 957 1020 ejus
977 940 1057 1020 6661-
1109 932 1164 996 tim
1184 933 1266 996 61666
1286 932 1492 1014 pluralitatem
1514 935 1752 1018 beneficiorum,
1776 941 1861 1004 661611

293 1036 354 1101 dea
367 1037 564 1120 possessione
577 1035 695 1109 habito,
710 1035 809 1115 prima
821 1035 861 1098 de
876 1035 947 1115 J'ure
967 1051 1056 1097 6666·
1109 1026 1317 1102 ambitiosam,
1333 1046 1362 1092 6.
1385 1029 1522 1106 06666616
1540 1031 1729 1113 plenissima.
1740 1037 1772 1095 1.
1790 1033 1820 1096 b.
1840 1041 1860 1096 1.

294 1135 382 1194 reto
401 1129 459 1193 Ubi
476 1128 595 1204 016666,
610 1127 726 1202 Abbas,
740 1127 900 1205 vivianus,
913 1127 944 1190 16
958 1126 1056 1190 Ratis
1108 1117 1184 1181 166.
1200 1135 1270 1182 oum
1284 1121 1443 1184 similibus.
1459 1123 1632 1186 coneordat
1643 1143 1673 1190 6.
1689 1125 1759 1188 Noa
1766 1135 1860 1208 potet.

294 1223 366 1299 noti,
395 1222 533 1300 11666166,
550 1225 630 1302 part.
658 1223 706 1285 ΠΙ.
735 1222 789 1285 lib.
817 1222 867 1284 Vl.
896 1241 966 1302 666.
988 1237 1054 1284 nm.
1109 1212 1377 1278 stnepmtenu.
1393 1215 1862 1300 16660161666666116666616-

294 1323 405 1398 quaest.
422 1318 478 1389 10;
495 1314 633 1396 Pirhing,
648 1316 681 1376 h.
697 1321 719 1378 t
736 1333 767 1378 6.
785 1319 852 1379 172.
869 1322 900 1378 61
912 1315 975 1380 6111.
1108 1307 1179 1386 lios,
1195 1313 1230 1370 ut
1243 1308 1312 1387 quis
1325 1309 1387 1372 dno
1401 1308 1552 1374 benolioia
1564 1317 1673 1376 666616
1690 1312 1782 1376 simul
1794 1315 1863 1375 reoi-

334 1417 403 1478 306.
426 1413 519 1494 quue
535 1411 667 1494 procedat
684 1411 715 1474 ia
732 1411 875 1476 obtinente
889 1411 990 1495 ptores
1009 1408 1057 1472 di·
1110 1419 1195 1482 pero,
1210 1417 1248 1463 ae
1261 1403 1394 1464 66116666
1407 1401 1489 1466 lieite
1509 1404 1621 1479 661661,
1643 1406 1861 1488 restringenda,

294 1509 430 1592 66116166,
445 1513 627 1590 peremtas,
649 1506 696 1568 uel
712 1505 849 1590 66666616
865 1514 982 1584 eor-atu,
1001 1514 1055 1569 sto.
1111 1501 1142 1558 at
1154 1494 1353 1575 intelligenda
1366 1493 1479 1558 dieitur
1491 1494 1530 1558 de
1548 1497 1671 1560 dnobus
1690 1499 1798 1579 primis
1815 1500 1858 1562 be·

295 1634 335 1651 -
348 1604 463 1666 0161166
475 1599 627 1683 imprimis
643 1599 675 1661 in
689 1602 785 1664 relato
798 1602 1000 1674 clementina,
1021 1599 1060 1663 Si
1110 1588 1239 1667 11θῦ008,
1255 1595 1325 1669 6031
1338 1588 1490 1652 indultum
1504 1589 1581 1653 illud
1597 1592 1748 1672 retentis:
1768 1591 1863 1672 titilus

290 1694 535 1780 perseverem
555 1693 720 1776 dignitates.
745 1695 835 1768 0666
856 1713 929 1758 eum
949 1695 1058 1757 Glossa
1110 1683 1282 1746 1661166616
1295 1683 1400 1746 lenum
1413 1683 1514 1762 primi,
1536 1684 1584 1747 vel
1604 1685 1746 1762 seeundi,
1766 1686 1863 1747 subro-

295 1791 370 1854 ibid.
388 1787 1059 1872 66661666.1666616661666666
1111 1793 1186 1856 ears
1199 1795 1262 1838 nou
1275 1777 1358 1840 11661-
1374 1775 1482 1840 sessa
1495 1777 1693 1842 1661111166.
1711 1779 1751 1842 Si
1764 1780 1862 1862 61666.

297 1885 348 1949 611.
364 1886 481 1947 6172.
497 1881 664 1961 ampliatur
683 1883 724 1943 ad
742 1882 935 1945 obtinentem
954 1881 1059 1962 plnres
1112 1875 1141 1936 3.
1160 1875 1191 1949 t.
1214 1869 1331 1934 Vocare.
1346 1871 1380 1933 b.
1396 1875 1431 1932 1.·

297 1983 492 2059 personatus,
514 1978 565 2040 661
585 1975 737 2039 benefitia
753 1982 880 2037 aurata:
905 1983 959 2038 ant
981 1975 1059 2037 alte-
1151 1968 1220 2030 310.
1245 1963 1374 2045 obiectio
1387 1961 1519 2026 6661611161
1532 1983 1608 2028 eae.
1622 1965 1816 2030 0661666113.
1831 1967 1865 2030 de

295 2087 365 2132 rum
379 2087 449 2131 enm
464 2069 573 2143 altero,
589 2085 620 2128 6.
635 2084 666 2147 g.
683 2067 942 2148 dignitatemonm
953 2083 1060 2146 persn-
1111 2059 1187 2124 066
1201 2059 1336 2122 ordinas.
1352 2058 1384 2120 io
1396 2061 1427 2121 6.
1441 2058 1560 2142 ejusque
1571 2059 1685 2124 solutio.
1695 2060 1865 2142 -Objieiea

296 2166 388 2235 natu,
409 2160 650 2224 6616666666
670 2158 822 2223 benedoio
841 2163 965 2223 aurato:
987 2175 1059 2222 oum
1112 2160 1219 2216 eontra
1231 2153 1337 2216 datam
1351 2150 1591 2228 nouolusionem,
1611 2154 1740 2234 majoris
1756 2155 1865 2216 6166116-

296 2251 560 2316 siteademretio.
1112 2244 1866 2328 1166666116.06166166666611666666666611666616

334 2347 404 2408 301.
426 2341 473 2405 Et
484 2341 522 2405 de
534 2341 613 2423 [6616
626 2340 839 2424 amplieturod
852 2341 914 2404 elia
923 2340 1059 2424 benefieiis
1112 2339 1233 2404 duobus
1255 2337 1415 2401 benefieiis
1434 2338 1730 2419 inoompalibilibus,
1753 2339 1866 2402 66116116

295 2435 502 2520 quomodolibet
513 2435 750 2517 incompotiditiu.
766 2467 805 2484 -
817 2436 898 2507 0616
913 2437 1005 2498 etiam
1019 2435 1060 2498 da
1112 2433 1194 2498 tertii
1208 2429 1452 2511 'incompatibilia
1472 2435 1521 2494 661
1539 2433 1695 2507 16661166;
1718 2451 1793 2516 ergo
1812 2451 1866 2495 non

295 2531 376 2594 laeto
395 2530 477 2593 istud
496 2529 663 2610 amplietur
680 2529 722 2591 ad
738 2529 798 2592 alia
816 2527 968 2592 benodoia
986 2545 1061 2608 quo·
1113 2529 1216 2608 potest
1228 2524 1375 2588 16666666
1395 2525 1462 2603 ipso
1480 2525 1564 2590 16616
1582 2529 1778 2592 6666116666
1797 2529 1868 2590 666-

296 2623 464 2686 modolibet
488 2620 750 2701 inoompatibilia;
777 2623 1060 2699 666616616116-
1113 2637 1184 2684 rum
1205 2621 1343 2698 priorum
1366 2617 1605 2700 benefieiornm,
1632 2639 1690 2702 per
1707 2624 1868 2704 legitimam

296 2733 418 2800 gneum
433 2734 462 2779 6.
484 2715 559 2778 Cam
575 2715 644 2797 jam
667 2713 787 2776 6166666.
807 2735 841 2780 6.
862 2719 912 2780 60.
932 2715 966 2777 b.
986 2721 1009 2778 t.
1030 2716 1062 2778 61
1113 2711 1375 2792 dispensationem
1399 2715 1492 2776 66166
1512 2731 1736 2792 possessam
1763 2717 1870 2780 06666-

296 2809 397 2874 innuit
415 2809 552 2881 0666166,
567 2814 647 2887 6661.
670 2809 721 2870 XI.
735 2806 771 2870 66
787 2807 915 2889 11666116.
938 2825 1007 2887 666.
1030 2825 1060 2872 6.
1114 2807 1240 2888 6666116
1253 2810 1348 2886 66161,
1374 2806 1446 2885 quia
1472 2825 1488 2864 a
1510 2821 1572 2870 non
1596 2813 1723 2888 66166161
1747 2809 1869 2893 impedi-

296 2919 417 2965 numer.
434 2903 503 2965 390.
520 2901 643 2964 Etenim
657 2900 821 2964 aanoilium
835 2901 1059 2976 Tridentinum,
1115 2907 1265 2972 mentum,
1290 2896 1374 2978 quod
1394 2899 1524 2978 dejure
1547 2917 1611 2962 non
1638 2902 1763 2964 sortitor
1789 2902 1870 2964 elioe-

297 3014 373 3058 sess.
389 3000 419 3058 Ι1.
435 3013 504 3076 666.
521 3012 561 3059 1v.
577 2994 614 3057 do
626 2995 758 3078 Resona.
774 2995 929 3058 innovans
942 2993 1062 3074 priores
1115 3001 1192 3065 tum,
1206 3011 1223 3052 6
1238 2991 1328 3071 juxto
1340 3007 1406 3071 reg.
1422 2993 1473 3053 32.
1489 2992 1553 3071 jur.
1577 2992 1610 3054 in
1631 2996 1662 3056 6.
1688 2994 1871 3057 1616666666

297 3106 403 3155 saeros
425 3106 573 3162 6666666,
595 3107 633 3152 ao
654 3087 828 3168 presertim
848 3107 875 3152 6.
896 3087 941 3151 Be
956 3087 1059 3152 molto.
1115 3103 1190 3150 6666
1208 3085 1359 3165 probatur
1381 3103 1420 3148 ex
1442 3103 1471 3149 e.
1496 3084 1656 3150 Ordines-ii.
1681 3089 1711 3150 3.
1735 3086 1754 3166 5
1775 3087 1827 3150 fin.
1840 3087 1871 3148 ds

297 3181 330 3246 b.
350 3189 374 3246 1.
400 3179 560 3261 6666116611
580 3181 684 3242 omnia
708 3181 777 3261 jura
795 3179 933 3260 antiqua,
956 3179 1063 3259 sieque
1117 3178 1869 3262 06166661666166.66161611666666666116611

297 3275 390 3338 etiam
411 3273 576 3356 allegatam
595 3274 692 3336 Clam.
721 3272 761 3336 Si
784 3273 892 3356 ptores.
922 3275 992 3336 eod.
1022 3272 1064 3335 66
1115 3275 1204 3357 61666
1218 3271 1368 3335 beneficia
1382 3271 1635 3353 incompatibilia,
1662 3275 1756 3336 etiam
1777 3292 1812 3335 ex
1832 3273 1871 3335 le-

298 3383 516 3446 quamouuque
531 3365 667 3447 speeiem
683 3365 990 3445 incompatibilitatis:
1003 3365 1063 3428 hoo
1116 3368 1223 3449 gitima
1241 3365 1483 3446 dispensatione,
1506 3383 1571 3426 non
1593 3365 1692 3446 possit
1713 3366 1797 3429 alind
1817 3366 1871 3428 tale

298 3465 347 3527 est
360 3477 422 3524 nou
437 3460 537 3522 solum
552 3459 591 3522 ad
604 3460 695 3540 61666
708 3463 827 3536 sumta,
844 3459 899 3521 sad
913 3459 1063 3522 etiamad
1117 3459 1260 3534 oonlerri,
1277 3459 1336 3520 uisi
1351 3457 1539 3539 dispensatio
1560 3459 1600 3520 ed
1622 3459 1700 3524 illud
1720 3479 1753 3523 se
1775 3468 1872 3523 exten·

299 3553 403 3616 omnia
422 3554 526 3617 661166
539 3552 783 3634 ineompatibilis
794 3553 947 3614 beneficio
966 3551 1064 3614 66616-
1117 3553 1182 3629 dat,
1197 3560 1251 3616 aut
1265 3553 1325 3614 nisi
1339 3551 1482 3633 provisus
1494 3552 1547 3616 illo
1567 3553 1673 3635 priora
1696 3573 1713 3614 6
1732 3553 1873 3617 liberere

299 3645 433 3724 61661166,
449 3667 464 3705 6
483 3645 569 3724 juxta
583 3645 666 3708 61616
679 3644 773 3726 paolo
787 3644 930 3726 superius
944 3661 976 3708 n.
991 3647 1061 3708 294.
1117 3652 1227 3727 sponte
1241 3645 1396 3726 resignet:
1414 3647 1504 3709 aliter
1522 3655 1627 3709 antem
1646 3647 1686 3710 66
1706 3681 1746 3696 -
1766 3647 1873 3711 bened·

298 3741 331 3804 et
344 3753 432 3818 seqq.
1119 3739 1173 3804 oiis
1187 3739 1300 3802 talibus
1322 3737 1404 3802 laeta
1424 3739 1545 3802 66116116
1567 3740 1682 3804 6611166
1702 3740 1820 3822 6661166
1838 3739 1872 3802 611

339 3835 408 3896 308.
431 3831 502 3894 Nisi
512 3829 686 3912 ds'speoootio
702 3847 789 3912 sopor
808 3828 868 3893 illia
887 3830 977 3893 simol
994 3829 1065 3893 roti-
1117 3833 1277 3896 momenti.
1302 3853 1317 3892 o
1344 3831 1436 3913 11666.
1462 3831 1618 3913 Quidquid
1639 3833 1679 3896 sit
1702 3834 1742 3896 de
1763 3837 1874 3896 661666

298 3923 1064 4009 66116666666661666.-6616661161166
1118 3927 1223 4004 denti,
1246 3925 1391 4006 negando
1414 3927 1686 4006 6666666666666,
1712 3927 1872 4008 661661166

299 4019 332 4086 in
346 4020 456 4083 666666
469 4017 671 4091 clementina,
692 4017 950 4099 «dispensatione
971 4037 1066 4100 snper
1119 4018 1319 4099 suppositum
1334 4017 1412 4102 ejus,
1429 4019 1508 4096 illam
1521 4017 1617 4080 16611.
1643 4019 1741 4080 Glem.
1763 4017 1800 4080 Si
1811 4015 1872 4098 plo·

301 4113 360 4176 boo
373 4110 509 4194 legitime
523 4127 586 4173 non
601 4109 746 4174 obtenta:
763 4133 777 4170 o
796 4109 950 4186 videlieet,
970 4129 1065 4191 super
1118 4133 1174 4176 rea.
1190 4110 1393 4176 deProetend.
1408 4112 1531 4174 6166161
1551 4112 1582 4174 16
1606 4112 1803 4174 66661661666
1821 4130 1871 4172 66-

302 4206 465 4272 retinenda
479 4203 642 4268 1616166116
660 4203 819 4284 dignitate,
845 4207 894 4267 vel
914 4205 1066 4268 beneficio
1120 4213 1260 4274 6166666
1279 4203 1403 4282 dieitur,
1424 4206 1509 4286 quod
1528 4205 1561 4266 in
1578 4203 1652 4267 date
1673 4223 1747 4268 oasu
1766 4205 1871 4268 6666116

301 4303 428 4376 aurato,
466 4317 528 4362 uua
555 4315 627 4360 oum
655 4295 795 4376 pluribus
821 4297 881 4360 illis
907 4299 1067 4380 dignitati·
1120 4300 1257 4381 priorum
1272 4297 1872 4380 666666666666666666611666666-

302 4393 372 4468 bna,
402 4398 475 4469 616.,
503 4397 597 4454 antea
616 4391 684 4470 jam
706 4389 858 4466 obtentis;
882 4395 918 4455 61
936 4393 1067 4471 explieat
1120 4408 1285 4468 sessorem,
1300 4389 1464 4471 166616616
1481 4391 1648 4454 induentur
1669 4411 1727 4473 per
1747 4392 1871 4455 66116116-

292 4485 410 4549 ·Glosaa
424 4485 498 4546 ibid.
516 4489 548 4562 6.
564 4483 662 4568 Super
675 4483 738 4547 1166.
755 4486 793 4546 st
805 4483 939 4560 additur,
961 4507 976 4546 6
998 4487 1067 4568 ejus
1121 4501 1195 4548 nem
1217 4483 1299 4547 tertii
1323 4484 1443 4562 (666666
1471 4485 1561 4548 enim.
1581 4485 1705 4547 66116116
1733 4485 1871 4548 166111661

301 4577 497 4660 possessione
520 4576 633 4658 666616
654 4575 792 4658 66611166,
821 4598 836 4637 o
869 4577 908 4640 ob
936 4577 1068 4642 6166666
1121 4573 1268 4651 16661166,
1284 4576 1389 4654 sieque
1403 4595 1466 4640 non
1480 4583 1606 4658 6666161
1620 4577 1870 4657 impedimentum)

304 4691 337 4735 6.
353 4673 423 4734 310.
439 4675 471 4740 et
483 4687 570 4749 seqq.
1121 4669 1177 4733 sed
1191 4668 1386 4733 solummodo
1400 4670 1521 4749 dieitur,
1543 4671 1627 4752 qnod
1650 4679 1722 4751 post
1742 4672 1869 4751 adeptam

341 4768 411 4830 300.
434 4763 523 4827 Retio
545 4761 668 4826 61166166
685 4762 905 4846 premissorum
929 4765 1066 4848 offertor.
1121 4765 1350 4849 possessiouem
1372 4765 1534 4846 paeifioam
1558 4765 1661 4840 tertii,
1689 4765 1868 4846 6666611666

301 4891 342 4912 ··-
358 4860 472 4924 Ultimo
495 4855 617 4932 dieitur,
644 4877 660 4915 6
681 4857 858 4940 dignitates,
884 4877 962 4939 quas
984 4861 1069 4940 66166
1119 4858 1308 4940 1666661666
1322 4857 1375 4919 illa
1387 4858 1540 4921 beneficis
1553 4877 1611 4940 per
1623 4859 1867 4939 dispensationem

302 4953 449 5029 babebat,
466 4953 533 5032 ipso
546 4949 627 5013 laeto
648 4969 759 5014 666666
778 4970 962 5016 6666666666
990 4956 1070 5018 61661
1123 4952 1240 5014 habita.
1255 4950 1322 5012 Tali
1336 4952 1420 5014 enim
1440 4945 1550 5017 6111666
1567 4954 1762 5034 possessione
1779 4958 1865 5014 seouta

303 5048 330 5110 si
350 5047 532 5129 dignitatem
556 5044 680 5108 unioam
703 5045 854 5110 obtinenti
878 5047 939 5108 alia
962 5047 1070 5110 similis
1123 5047 1174 5126 (ea
1201 5062 1329 5127 nempe,
1355 5063 1424 5125 quta
1453 5051 1501 5109 est
1526 5045 1607 5108 faeta
1632 5063 1697 5106 uon
1723 5041 1866 5126 resignatis

303 5137 492 5214 6661666166,
508 5159 523 5198 o
541 5140 600 5200 616.
626 5135 705 5208 Quia
727 5137 832 5216 plures
856 5137 917 5200 ille
940 5138 1070 5221 dignita-
1124 5143 1234 5220 sponte
1248 5137 1403 5217 prioribus
1415 5135 1587 5211 6666116116,
1598 5136 1639 5199 66
1653 5153 1722 5217 quse
1734 5134 1865 5197 61666166

309 5232 370 5304 166,
397 5235 523 5310 propter
544 5226 806 5308 dispensationem
827 5227 983 5292 habentur
1002 5232 1070 5294 looo
1124 5229 1252 5292 linenda
1285 5229 1475 5311 dispensatio
1502 5247 1573 5293 sese
1599 5247 1663 5292 non
1690 5223 1861 5300 extendebat)

304 5320 572 5395 6616666666611;
590 5322 726 5386 utnotat
747 5319 893 5382 vivianus
917 5321 949 5384 in
970 5322 1071 5386 Ratio·
1123 5325 1234 5388 merito
1248 5327 1439 5404 vaoautipso
1450 5323 1636 5404 jurapriora
1645 5320 1859 5398 benedeiajorta

304 5415 368 5480 ool.
382 5413 456 5476 ibid.
471 5413 559 5479 Unde
573 5414 697 5493 merito,
711 5413 774 5476 imo
789 5415 821 5477 61
838 5413 999 5494 6616611661,
1014 5434 1070 5478 ra·
1124 5417 1175 5480 611.
1191 5417 1287 5481 illem.
1304 5415 1344 5480 Si
1352 5415 1465 5499 ptores.
1480 5417 1512 5480 b.
1529 5423 1552 5479 t
1567 5433 1641 5478 oum
1656 5415 1746 5478 etiam
1756 5411 1856 5491 propter
