4026 6054
318 279 387 344 tto-
456 275 527 338 tra.
548 273 599 336 Ill.
621 269 832 366 9303333333..
854 269 925 336 ata.
946 267 997 334 lv.
1020 267 1071 332 DE
1090 264 1358 332 GLERIOENON
1379 257 1664 350 adamantinae,
1685 271 1766 334 nro.

319 429 389 474 rum
409 427 484 474 cura
504 407 656 488 neglecta.
678 423 715 467 se
733 404 934 468 detinuerunt
954 421 1084 483 occupa.
1137 401 1199 476 de,
1214 407 1349 482 quatuor
1362 401 1535 482 generatim
1548 409 1621 469 suut
1638 425 1740 470 cause
1762 407 1803 472 ob
1824 425 1908 486 quas

318 511 408 568 tas.»
426 500 526 577 Unde,
545 517 585 567 ne
603 498 686 564 idem
701 496 732 557 in
752 502 911 577 posterum
932 499 1083 576 praetextu
1139 497 1277 582 episcopi
1292 497 1491 588 corppraliter
1504 505 1635 580 possunt
1655 503 1765 566 abesse
1786 504 1828 566 ab
1847 507 1909 568 Ec

318 597 448 676 alcuius
461 595 607 676 legitime
622 607 725 662 causae
739 590 857 672 passim
877 592 1082 672 contingeret,
1138 592 1239 656 clesiis
1253 592 1337 666 snis3
1355 592 1509 668 videlicet,
1528 615 1544 654 n
1561 595 1736 658 Christiana
1755 597 1907 674 ebaritas,

318 692 427 757 merito
449 689 603 770 legitimas
624 684 765 766 allegatae
789 701 890 748 causae
914 689 1005 748 antea
1027 700 1085 764 per
1139 685 1448 768 urgensnecessitas,
1464 682 1570 750 debila
1583 689 1771 764 obedientia,
1785 710 1824 754 ao
1841 692 1910 754 evi·

319 784 447 866 Papam,
461 782 511 846 vel
524 780 807 860 metropolitanum,
830 779 861 839 in
886 779 1009 860 scriptis
1031 795 1086 860 ap-
1138 780 1216 844 dens
1230 779 1388 854 Ecclesiae,
1403 778 1453 840 vel
1467 779 1646 858 reipubIIcae
1661 783 1797 847 unnim:
1814 784 1910 846 dum·

318 875 479 960 probanda
493 872 687 938 censebatur.
1138 875 1233 938 modo
1247 875 1367 936 interes
1379 872 1579 938 meminerint
1592 875 1769 948 discessuri,
1783 877 1826 938 its
1841 877 1909 940 oui-

357 975 408 1036 30.
432 969 564 1051 Ouinimo
589 963 625 1028 de
645 963 722 1046 lacta
744 982 802 1026 non
824 963 952 1046 amplias
973 963 1087 1046 sufficit
1138 969 1198 1032 bus
1211 969 1275 1030 suis
1290 967 1528 1048 providendum,
1545 973 1590 1044 ιιι,
1606 974 1759 1048 quantum
1772 970 1840 1032 lieri
1854 990 1909 1050 po

319 1063 489 1148 approbate
501 1056 921 1144 metrapolitaai.-Ouinimo
936 1059 976 1121 de
990 1060 1082 1133 tacto,
1139 1065 1221 1141 terit,
1238 1064 1429 1142 exipsorum
1450 1063 1592 1126 absentia
1612 1063 1733 1126 nullum
1756 1066 1909 1128 damnum

319 1163 351 1225 et
372 1163 509 1238 speciata
532 1153 750 1218 constitutione
775 1155 842 1216 339.
867 1153 984 1218 Urbani
1006 1153 1082 1218 VIII.
1140 1155 1305 1238 accipiant.
1316 1177 1337 1216 o
1354 1157 1398 1218 lta
1412 1162 1515 1218 textus
1530 1175 1694 1236 expressus
1708 1157 1909 1220 concilii‘l'ri
2005 1209 2006 1226 ,

319 1269 389 1332 qum
417 1250 543 1330 incipit¹
572 1245 682 1328 Sancte
716 1243 840 1327 synodus
872 1245 1086 1326 (habeturque
1140 1249 1270 1324 dentini,
1289 1267 1367 1312 sess.
1391 1252 1440 1312 23.
1466 1268 1534 1330 cap.
1559 1267 1583 1312 1.
1605 1251 1642 1312 de
1662 1250 1795 1332 diescens.
1818 1251 1908 1314 Unde
2005 1233 2006 1288 i

317 1351 395 1408 tom.
408 1345 457 1408 IV
472 1341 590 1406 Butler.
606 1318 744 1418 Romani)
758 1357 821 1400 non
843 1341 977 1420 amplius
1000 1342 1086 1404 vide·
1140 1343 1327 1406 declarando
1348 1341 1500 1408 duntaxat
1521 1343 1657 1468 breviter
1676 1342 1827 1424 allegatas
1849 1341 1908 1404 ab·
2005 1353 2006 1374 ³

318 1447 371 1506 tur
392 1441 533 1504 sufficere
557 1433 739 1515 approbatio
762 1434 964 1514 legitimitatis
983 1455 1085 1498 causae
1141 1437 1257 1500 senna
1263 1453 1385 1500 causas.

319 1533 467 1598 absentia
479 1547 618 1610 episcopi
610 1525 710 1588 facta
720 1544 777 1606 per
787 1527 1084 1606 metropolitanum
1180 1533 1230 1594 33.
1253 1529 1381 1594 Nomine
1393 1529 1562 1592 ctnstmnoe
1575 1529 1740 1606 etantatu
1762 1529 1877 1612 qaid
1863 1550 1909 1590 sn-

319 1648 393 1696 nam
407 1625 547 1690 Pontifex
565 1623 639 1688 ibid.
664 1621 683 1702 ᾖ
705 1621 734 1682 8.
757 1623 788 1683 9.
813 1627 845 1684 ιι
867 1623 916 1684 to.
943 1619 1088 1700 probibet
1142 1623 1317 1706 tettipatur?
1335 1654 1373 1669 -
1398 1623 1490 1702 Resp.
1516 1625 1550 1686 ll.
1575 1625 1706 1685 Nomine
1729 1622 1909 1687 Ctrastiana

320 1722 463 1786 omnibus
478 1716 641 1800 episcopis,
657 1713 715 1776 snb
728 1712 841 1794 posuis,
857 1719 888 1778 et
902 1713 1087 1776 censarIsco
1143 1715 1317 1794 etaetatis,
1340 1715 1520 1796 intelligitur
1546 1717 1756 1798 proximorum
1779 1717 1906 1778 utilitas.

320 1819 386 1897 ipso
400 1810 605 1886 incurrendis,
630 1825 671 1870 ne
693 1828 713 1868 a
737 1807 802 1868 suis
824 1806 968 1870 Ecclesiis
991 1807 1088 1869 disce-
1142 1808 1263 1872 Ettalis
1277 1827 1308 1870 ι.
1324 1827 1355 1888 g.
1370 1809 1549 1882 intervenit.
1574 1809 1697 1888 ιιιιιιιιιιο
1720 1807 1825 1888 aliqua
1850 1810 1908 1871 alia
2006 1815 2007 1886 ξ

319 1911 393 1973 dant
411 1928 427 1972 ι
441 1907 498 1969 nisi
514 1905 643 1968 obtenta
656 1901 742 1984 prius
757 1920 775 1962 a
789 1901 884 1962 Nobis
897 1908 928 1964 et
946 1901 1086 1965 Romano
1141 1903 1280 1968 Ecclesia
1292 1908 1434 1967 versatur
1447 1902 1479 1963 in
1494 1920 1609 1981 magno
1619 1903 1906 1982 periculobmresis,

318 2001 465 2066 Pontifica
485 1997 629 2072 licentia3
659 1994 753 2075 idque
781 1995 835 2072 (ait
861 1993 1028 2076 Faguanus
1054 2013 1084 2058 c.
1142 2002 1173 2061 et
1192 1993 1263 2056 talis
1286 1994 1425 2074 episcopi
1448 1995 1667 2075 predicatione
1690 1995 1789 2076 possit
1808 1997 1907 2058 eidem

320 2097 460 2174 Qualiter.
476 2113 508 2154 u.
534 2095 582 2154 32.
608 2092 656 2152 33.
682 2094 713 2149 ιι
736 2104 824 2168 seqq.
849 2087 882 2148 h.
906 2089 944 2168 t.)
968 2088 1086 2168 optimo
1142 2087 1319 2150 subveniri:
1336 2087 1422 2164 item,
1439 2088 1643 2168 siepiscopus
1663 2088 1774 2152 abesse
1796 2089 1909 2152 debeat

319 2192 446 2256 consilio
460 2196 609 2252 statutum
631 2183 705 2248 tuit:
730 2184 802 2262 qula
826 2183 980 2266 episcopis
1005 2203 1089 2266 prae·
1141 2181 1183 2244 ad
1205 2197 1316 2261 pacem
1342 2179 1423 2242 inter
1449 2188 1612 2262 magnates
1640 2183 1906 2262 componendam,

320 2290 404 2353 textu
420 2295 596 2352 causarum,
611 2277 644 2337 in
668 2273 799 2336 concilio
821 2280 1086 2354 enumeratorum,
1142 2281 1196 2338 aut
1210 2272 1399 2366 huiusmodi.
1423 2275 1630 2338 Dummodo'
1622 2281 1662 2340 ιιι
1648 2275 1705 2360 tud
1726 2275 1795 2345 lieri
1815 2276 1908 2355 possit

321 2382 353 2438 et
365 2390 505 2456 promum
519 2369 766 2450 allegandarum
783 2364 907 2430 difficile
928 2385 992 2429 non
1013 2367 1088 2430 iuis·
1142 2357 1261 2446 absque
1274 2385 1389 2448 magno
1404 2368 1537 2448 proprie
1550 2353 1695 2432 Ecclesiae
1711 2367 1907 2438 detrimento,

320 2476 384 2544 set,
413 2486 431 2528 a
454 2459 697 2566 mctrcpplitano
714 2457 872 2520 licentiam
899 2451 1087 2520 abscedendi
1142 2467 1235 2540 atque
1250 2459 1373 2522 interim
1388 2459 1452 2521 suis
1467 2461 1580 2524 ovibus
1595 2462 1640 2526 ita
1661 2464 1828 2544 episcopus
1851 2463 1910 2522 dis-

321 2568 533 2639 extorqnere3
564 2553 670 2630 sicque
697 2551 747 2612 lex
775 2549 827 2610 illa
854 2549 893 2612 de
920 2551 1089 2614 residentia
1142 2573 1287 2618 cessurus
1301 2571 1358 2634 per
1372 2571 1453 2617 viros
1462 2555 1591 2618 idoneos
1600 2558 1766 2638 prouidere
1776 2557 1908 2634 madeat,

321 2654 549 2736 episcoporum,
566 2642 791 2707 loretludibrio
807 2644 956 2724 exposita.
1142 2653 1178 2712 ιιι
1196 2646 1316 2708 nullum
1339 2635 1490 2710 damnum
1512 2649 1678 2728 patiantur,
1697 2649 1791 2728 J‘uxta
1815 2649 1912 2710 conci·

359 2755 410 2814 ιι.
432 2748 559 2828 Propter
572 2761 676 2804 manns
695 2747 826 2826 taurana,r
818 2737 862 2800 aet
884 2739 1014 2820 affictum
1033 2741 1089 2802 rei·
1141 2741 1219 2802 lium
1232 2738 1446 2802 Tridentinum
1461 2742 1765 2822 proximarelalum.
1776 2743 1909 2824 alioquin

315 2844 442 2927 psadticoe
449 2837 663 2949 'episcopatibus
681 2853 838 2908 annexum,
858 2842 981 2916 possunt
1002 2833 1089 2898 sidem
1143 2833 1227 2896 enim
1250 2840 1358 2911 ageret
1377 2831 1404 2893 is
1426 2837 1536 2898 contra
1563 2835 1722 2900 charitatis
1751 2838 1909 2920 ordinem,

321 2933 561 3002 atenensnatia
576 2928 781 3036 approbatione
798 2925 962 3010 Papae.-
924 2926 1089 2990 -Altera
1143 2945 1206 3006 quo
1220 2926 1290 3006 plus
1305 2925 1363 2986 sibi
1367 2926 1531 3010 ,suisque
1551 2945 1646 3005 quam
1666 2915 1758 2992 alteri
1779 2935 1907 2992 tenetur.

321 3051 394 3101 veru
409 3049 493 3112 pars,
507 3028 581 3090 binc
595 3040 753 3104 excipiens
766 3021 941 3083 absentiam
952 3038 1089 3102 episcopa
1142 3019 1268 3083 Toletus
1282 3019 1336 3082 lib.
1353 3017 1389 3080 V.
1405 3019 1697 3104 cummanere.
1722 3026 1910 3100 n.3;Bar-

322 3133 453 3208 propter
462 3120 589 3202 aliquod
606 3134 733 3191 munus,
756 3114 805 3176 uel
828 3111 963 3176 officium
985 3115 1090 3192 reipu-
1143 3112 1231 3189 bosa,
1247 3121 1327 3192 part.
1342 3115 1392 3178 Ill.
1409 3111 1443 3176 de
1458 3113 1547 3196 Osis.
1563 3122 1592 3180 ιι
1602 3123 1707 3200 potest
1730 3118 1818 3198 episc.
1838 3118 1910 3180 alle-
2008 3149 2009 3194 J

321 3219 410 3281 blicae
438 3209 667 3295 episcopatibus
689 3223 858 3280 annexum,
884 3205 955 3268 inde
978 3206 1089 3270 merito
1144 3211 1207 3286 gat.
1224 3207 1274 3268 33.
1291 3222 1323 3264 n.
1339 3207 1371 3266 6.
1388 3203 1488 3266 citans
1502 3205 1592 3268 alios.

322 3315 437 3376 statuta
451 3308 527 3371 luit:
545 3324 618 3386 quaa
631 3302 797 3364 ιιοιοιιιιιιι
803 3307 862 3368 ιιι.
875 3299 918 3362 ιιι
929 3300 1001 3362 taba
1012 3318 1119 3378 cpis-
1184 3301 1233 3360 33.
1261 3297 1376 3380 Urpsns
1389 3297 1541 3362 necessitas
1554 3319 1694 3364 ιιιιιιιιιι
1711 3303 1910 3384 ιρίιωρυιηη
2008 3333 2009 3342 ,

323 3421 435 3485 copam
449 3398 548 3464 teneri
562 3399 591 3459 ri
606 3416 654 3460 sur
646 3395 779 3468 'officim
800 3392 885 3456 unde
899 3395 1090 3474 superfluum
1145 3389 1472 3472 residentiacorparali,
1485 3393 1632 3476 quei·
1645 3397 1906 3476 Urgensnecessi·

323 3498 414 3570 toret,
430 3493 524 3558 aliam
537 3492 673 3568 desuper
686 3487 855 3562 licentiam,
872 3491 966 3592 atque
980 3504 1091 3593 appro·
1145 3487 1193 3548 tas
1207 3488 1353 3545 censetur
1367 3483 1488 3560 adesse,
1504 3487 1629 3564 ιιιιιιιιιο
1652 3489 1816 3570 episcopus
1836 3489 1909 3551 resi·

323 3590 481 3654 bationem
491 3585 596 3688 Papae,
612 3581 662 3643 uel
676 3599 726 3642 me
728 3579 949 3660 tropolitanis
940 3599 972 3642 ru
995 3579 1092 3659 sarip-
1145 3575 1248 3638 dendo
1277 3593 1372 3656 grave
1399 3577 1574 3684 periculum
1604 3581 1676 3642 vitae
1714 3581 1908 3644 incurreret·

324 3683 363 3744 tls
377 3679 512 3743 dandam
527 3675 662 3754 exigere.
682 3672 866 3754 Exemplum
885 3673 978 3752 hujus
996 3672 1092 3735 refert
1147 3677 1232 3751 puta,
1250 3669 1327 3750 quia»
1344 3671 1430 3748 gravi
1453 3669 1565 3732 morbo
1587 3672 1717 3737 affectas
1740 3679 1797 3752 est,
1820 3681 1911 3754 atquc

324 3769 515 3838 Lessiuslib.
531 3771 566 3830 ll.
582 3765 734 3830 deduscit.
756 3772 784 3828 et
799 3762 868 3845 jur.
895 3783 963 3846 cap.
989 3783 1090 3830 xxxiv.
1146 3763 1266 3844 indiget
1289 3761 1458 3824 mutatione
1486 3763 1577 3838 aris,
1607 3765 1655 3826 vel
1679 3766 1804 3828 thermis
1823 3787 1831 3840 ;
1864 3763 1911 3826 rel

325 3887 358 3928 n.
374 3869 443 3941 lod,
459 3864 498 3926 de
514 3858 666 3944 episcopis
680 3857 750 3932 illis,
767 3859 821 3938 qui
836 3877 874 3920 ex
886 3857 916 3920 vi
931 3858 1022 3920 officii
1045 3859 1095 3920 sui
1148 3855 1220 3936 quia
1239 3859 1365 3937 propter
1385 3853 1521 3934 aliquam
1540 3859 1787 3935 persecutionem
1805 3857 1911 3920 infide-

325 3962 359 4024 in
373 3958 494 4037 Belgio,
508 3961 540 4020 et
560 3954 592 4016 in
614 3951 782 4016 Germania
804 3951 922 4013 debent
944 3951 1093 4012 interesse
1146 3949 1237 4022 liam,
1252 3953 1306 4008 aut
1320 3946 1426 4027 populi
1440 3947 1580 4012 furorem
1597 3949 1832 4012 declinandum:
1848 3951 1909 4011 sire

327 4053 459 4124 comitiis
479 4049 633 4123 ordqum,
649 4047 682 4108 in
697 4045 809 4126 quibus
824 4042 881 4126 ipsi
899 4043 1035 4124 primum
1048 4042 1094 4104 lo·
1147 4039 1254 4104 infesti
1275 4039 1422 4120 principis
1449 4039 1578 4104 insidias
1609 4043 1819 4122 effugiendas,
1848 4061 1909 4104 non

326 4166 399 4212 num
425 4149 544 4210 tenem.
573 4143 641 4206 Huc
666 4138 819 4200 accedunt
847 4135 1096 4200 consecrationes
1148 4134 1225 4198 nibil
1239 4133 1465 4196 discedendum
1478 4139 1535 4198 est.
1552 4137 1639 4208 Quod
1660 4137 1761 4216 ipsum
1776 4154 1910 4216 compro-

328 4240 542 4314 ecclesiarum,
558 4233 748 4298 visitationes
763 4232 958 4306 clericorum,
981 4236 1013 4292 et
1034 4228 1095 4292 alia
1148 4228 1240 4291 batur
1254 4227 1396 4306 exemplo
1411 4227 1590 4303 Salsatoris,
1612 4230 1666 4310 qui
1686 4229 1907 4302 absconditae,

326 4331 505 4416 hujusmodi
520 4330 627 4392 munia
641 4325 840 4407 episcopalia,
856 4324 968 4426 quibus
991 4342 1030 4386 ex
1050 4321 1096 4384 ol·
1150 4325 1182 4386 et
1195 4320 1289 4384 exivit
1311 4323 1352 4384 de
1375 4320 1502 4400 templo,
1527 4323 1653 4402 quando
1676 4323 1776 4386 iudei
1796 4322 1910 4402 lapides

327 4425 397 4488 ficio
410 4427 534 4485 tenetur
547 4419 711 4498 episcopus
725 4413 938 4476 subdecane
905 4431 1095 4494 ,ipsumque
1149 4415 1908 4496 tulerunt,utjacerent1nenm,Jcan.v1n‚59.

329 4519 443 4597 saepins
465 4513 654 4592 derepente
645 4513 770 4572 vocant
792 4508 832 4570 ad
852 4507 913 4568 alia
939 4507 1007 4570 loca
1030 4525 1095 4568 aare
1150 4507 1224 4574 item
1260 4509 1403 4590 exemplo
1440 4511 1537 4574 sancti
1579 4511 1742 4574 Athanain
1783 4510 1909 4592 episcopi

329 4608 492 4680 diaecesim
509 4623 546 4666 ac
569 4602 699 4682 proinde
723 4618 785 4662 non
808 4601 948 4682 indigent
970 4601 1096 4680 speciali
1150 4602 1363 4678 Alexandrini,
1379 4609 1410 4666 et
1424 4605 1521 4670 sancti
1534 4605 1662 4668 Thomas
1677 4603 1907 4680 cantuariensis,

330 4705 435 4784 rapa,
451 4699 499 4762 rel
522 4695 752 4776 metropolitani
776 4693 1010 4773 approbatione.
1036 4693 1097 4754 Ve·
1151 4695 1311 4774 sanctique
1334 4697 1490 4758 Baunonia
1512 4697 1677 4760 Miscensis
1702 4697 1849 4779 episcopi,
1874 4714 1906 4756 ac

330 4813 401 4864 rum
415 4791 577 4858 occasione
591 4788 702 4872 prioris
716 4788 811 4868 partis
826 4787 905 4848 datae
924 4786 1097 4850 conclusic-
1150 4785 1288 4867 pluriam
1301 4787 1443 4861 aliorum.
1463 4794 1603 4868 tempore
1614 4789 1831 4870 persecutionis
1839 4805 1907 4848 con-

331 4892 389 4955 nis.
491 4953 492 4958 .
1151 4885 1198 4941 tra
1214 4896 1323 4940 eorum
1338 4897 1504 4960 personam
1520 4880 1660 4942 excitata
1675 4881 1801 4962 provide
1821 4896 1855 4940 ac
1875 4876 1908 4934 li-

371 4985 421 5046 33.
446 4979 728 5043 Camoeecncantes
741 4969 1097 5056 epsicopamaresidmtia
1152 4971 1213 5034 cita
1236 4969 1484 5051 aufugientium,
1512 4989 1665 5052 suamque
1689 4971 1848 5036 Ecclesiam
1870 4967 1907 5028 ad

333 5071 490 5156 corporat,
518 5064 670 5150 qnaei-
631 5067 847 5137 -Ouaeritur
866 5066 914 5128 lll.
939 5065 1014 5138 Quae
1038 5063 1100 5128 sint
1153 5081 1278 5144 tempus
1292 5061 1508 5138 deferentium,
1525 5071 1558 5124 ut
1572 5063 1688 5142 eidem,
1697 5065 1905 5128 aliorumcura

334 5184 437 5232 causae
450 5162 608 5244 legitimae
621 5162 805 5220 excusantes
819 5153 1101 5236 episcoposaresi·
1154 5157 1196 5222 ad
1218 5157 1342 5220 iuterim
1372 5157 1567 5238 commmsae,
1590 5157 1799 5240 inposterum
1816 5154 1906 5234 magis

335 5260 440 5326 denua
452 5252 628 5336 corporali?
646 5249 738 5332 ltesp.
761 5253 784 5312 l.
806 5249 924 5313 Praeter
945 5250 1102 5312 modicita·
1154 5251 1303 5334 prodesse
1316 5251 1465 5312 ualerent.

337 5361 401 5418 tem
414 5349 562 5430 temporis
576 5344 737 5420 absentiae,
752 5344 840 5422 juxta
858 5341 997 5422 proxime
1020 5344 1102 5406 dicta
1195 5347 1246 5408 35.
1268 5341 1300 5406 E
1302 5352 1313 5402 t
1324 5339 1439 5426 quando
1453 5362 1552 5407 renna
1564 5363 1658 5423 ipsam
1671 5341 1839 5406 ιιιιιιιιι-
1851 5338 1905 5396 Αι-

338 5447 456 5526 absqua
470 5443 655 5506 detrimento
669 5438 774 5522 gregis
788 5436 939 5498 Dominici
952 5455 1103 5519 peragen-
1159 5455 1222 5518 qne
1236 5431 1315 5501 istud
1326 5436 1475 5500 duntaxat
1484 5435 1636 5520 procedIt,
1649 5433 1771 5518 quaudo
1784 5430 1906 5514 episcopi
