4026 6054
313 313 372 376 372
462 310 533 373 tta.
554 309 605 371 ill.
626 301 837 370 aecumst.
859 301 930 363 riu.
953 299 978 361 l.
999 296 1051 358 DE
1070 294 1160 357 virt
1181 291 1230 354 itt
1249 273 1476 352 ΗΟΝΕΒΤΑΤΕ
1491 283 1748 350 ‘ethnicalium

353 445 403 506 32.
425 439 606 523 afferuntur
620 437 759 501 notabiles
782 441 877 498 traua
899 427 996 515 quood
1017 428 1080 491 tor.
1133 426 1209 505 lupo
1230 422 1420 502 lugientem
1446 436 1510 480 non
1532 423 1707 499 pastorem,
1737 431 1812 477 ores
1841 411 1903 474 sihi

315 569 355 585 -
385 535 465 599 Hinc
491 533 657 597 concilium
683 528 896 593 tridentinum
923 542 999 586 sess.
1029 525 1079 584 20.
1135 517 1315 580 commissas
1329 515 1361 576 in
1382 512 1567 576 necessitate
1588 510 1792 572 deferentem.
1811 506 1904 570 Unde

315 645 383 709 cap.
404 645 427 691 1.
450 628 485 692 de
507 628 636 709 Reform.
662 621 867 687 saluberrime
891 617 1029 681 decrevit
1049 615 1081 674 in
1134 611 1219 673 idem
1231 613 1356 672 sanctus
1370 605 1537 689 Gregorius
1550 623 1634 686 papa
1655 603 1769 667 Homil.
1798 604 1846 665 tt.
1871 600 1904 661 ta

314 721 382 784 hec
397 721 511 784 rerba:
533 741 548 780 u
561 720 644 782 Nihil
658 725 716 793 est,
731 713 817 796 quod
832 711 909 772 alios
924 709 1025 790 magis
1040 707 1081 769 ad
1134 701 1254 782 Euuap.
1271 700 1315 762 sic
1328 700 1391 762 ait:
1411 718 1427 757 0
1440 700 1508 762 Νο0
1522 703 1638 778 pastor,
1661 695 1717 756 scd
1739 709 1904 755 mercena·

314 815 472 897 pietatem,
502 821 533 878 et
558 815 614 878 Dei
640 814 758 877 cultum
785 804 908 870 assidue
936 805 1079 878 instruat,
1133 787 1904 892 0000000500,0010000000000001000000000

316 927 411 989 qnam
425 925 533 972 eorum
547 909 620 986 rita,
644 913 675 970 et
696 903 883 983 exemplum,
906 897 959 978 qui
980 913 1014 957 se
1035 892 1082 954 di·
1134 886 1318 962 dominicas‚
1328 886 1385 948 sed
1398 883 1439 946 ad
1453 883 1641 964 temporales
1654 879 1818 945 mercedes
1830 893 1906 958 pas·

316 1002 388 1064 rino
414 1001 585 1066 ministerio
611 999 820 1063 dedicarunt:
850 1011 923 1056 cum
950 988 1034 1052 enim
1062 1004 1081 1049 a
1134 981 1186 1046 cit.
1202 979 1413 1044 ltlerceuan'us
1428 979 1543 1059 quippe
1558 981 1617 1053 est,
1633 977 1686 1058 qni
1707 976 1813 1038 lucum
1836 972 1905 1052 qui·

315 1094 410 1158 renus
424 1095 528 1158 saculi
542 1095 574 1156 in
588 1095 728 1158 altiorem
741 1089 854 1152 sublati
872 1087 1081 1149 1000000000-
1135 1077 1207 1140 dem
1222 1074 1354 1156 pastoris
1367 1076 1463 1147 tenet,
1480 1073 1536 1134 sed
1548 1072 1636 1134 lucra
1649 1070 1826 1133 animarum
1839 1083 1905 1126 non

316 1188 480 1270 piciantur,
496 1189 527 1250 ‘ur
541 1207 595 1252 eos
619 1197 767 1270 anquam
789 1179 951 1265 speculum
970 1175 1082 1256 reliqui
1135 1171 1264 1249 quent:
1288 1167 1419 1230 terrenis
1442 1165 1752 1239 commonstrant,
1782 1162 1906 1223 honora

317 1280 424 1344 oculos
444 1281 623 1362 conjiciunt,
648 1300 688 1345 ex
709 1281 817 1358 eisque
838 1277 975 1350 sumunt,
998 1268 1083 1351 quod
1135 1261 1326 1342 prelationis
1340 1259 1466 1342 gaudet,
1482 1258 1706 1339 temporalibus
1718 1255 1816 1318 lucris
1834 1271 1907 1334 pas·

317 1372 486 1436 imitentur.
502 1374 696 1454 Quapropter
709 1371 753 1436 sie
766 1370 858 1432 decet
872 1365 999 1428 omuino
1018 1361 1081 1424 cle·
1136 1354 1227 1431 citur,
1242 1356 1384 1434 impensa
1397 1353 1456 1417 sihi
1470 1354 1511 1416 ab
1529 1351 1707 1416 hominibus
1728 1347 1907 1412 reverentie

317 1466 398 1527 ricus
411 1465 443 1526 iu
464 1471 580 1530 sortem
600 1467 724 1528 Domini
744 1468 881 1537 vocatos,
903 1459 999 1522 ritum
1018 1473 1083 1516 mo·
1134 1447 1285 1511 letatur:
1322 1469 1337 1508 u
1377 1465 1450 1510 cum
1482 1446 1645 1510 simihhus.
1681 1446 1785 1522 Atque
1819 1440 1908 1504 Μ

317 1575 431 1640 resque
454 1577 527 1624 suos
551 1579 659 1624 omnes
679 1574 877 1642 componere,
905 1561 941 1616 ut
961 1549 1080 1627 hahita,
1140 1559 1155 1600 <t
1168 1539 1313 1602 maxim&
1327 1541 1452 1603 melitite
1468 1544 1639 1622 sentietis
1654 1536 1908 1618 etlilssfifflfflffl

317 1658 418 1733 gestu,
441 1653 576 1731 incessu,
601 1671 756 1732 sermone,
782 1649 910 1728 aliisque
938 1642 1082 1706 omnibus
1136 1635 1440 1710 consumatorem»
1458 1637 1536 1700 teste
1554 1639 1662 1696 sancto
1682 1633 1907 1712 chrysostomo

318 1743 412 1806 rebus
431 1744 487 1823 nil,
510 1747 569 1809 nisi
592 1763 697 1826 gmve,
721 1741 930 1815 moderatum,
954 1756 991 1799 ac
1013 1735 1083 1800 reli·
1136 1731 1251 1794 llomil.
1266 1735 1315 1796 50.
1331 1731 1364 1793 in
1376 1731 1465 1794 Joou.
1480 1731 1548 1802 000
1569 1729 1610 1792 de
1632 1745 1728 1792 causa
1749 1732 1907 1786 emmam

318 1837 411 1920 31000
434 1838 572 1920 plenum,
596 1859 661 1920 prta
685 1857 719 1902 se
741 1837 861 1900 lerant:
885 1832 965 1895 levia
989 1831 1083 1893 etiam
1142 1823 1189 1888 Vc
1202 1825 1316 1887 talibus
1329 1825 1442 1904 impiis,
1456 1819 1904 1904 atqueindignispastorihus,

317 1930 441 2007 delicta,
462 1950 532 2014 qne
554 1934 587 1995 in
610 1933 685 2014 ipsis
707 1931 842 1994 maxima
865 1931 980 2001 essem,
1005 1924 1083 1986 citu·
1136 1919 1324 2000 imprecatur
1336 1919 1487 1981 Dominus
1500 1917 1585 1998 apud
1598 1914 1746 1986 Ezechiel.
1756 1931 1858 1988 xxnr,
1869 1915 1906 1973 2.

317 2025 414 2108 giant,
443 2031 479 2088 ut
505 2044 614 2089 eorum
640 2025 790 2090 dictiones
812 2020 931 2086 cunctis
950 2017 1083 2081 ederant
1136 2011 1255 2076 dicens
1284 2011 1333 2075 Vc
1352 2012 1520 2095 proteritur
1541 2009 1646 2082 Israel,
1673 2008 1727 2092 qui
1746 2005 1909 2089 poscetur

317 2119 561 2185 venerationem.
587 2142 602 2181 a
630 2121 786 2182 Hactenus
807 2114 992 2180 concilium:
1014 2107 1083 2189 qui·
1137 2106 1310 2189 semetipsos.
1324 2106 1428 2172 Nouae
1439 2125 1540 2196 propes
1557 2101 1760 2188 opertorium
1777 2119 1909 2183 000000-

316 2209 376 2274 bus
389 2211 502 2274 similia
524 2211 629 2292 hahet,
654 2231 731 2276 sess.
756 2215 805 2276 25.
830 2227 899 2290 cap.
924 2225 946 2272 1.
969 2205 1083 2269 00100-
1135 2199 1211 2262 tur?

316 2303 405 2384 sor-m.
421 2311 453 2366 et
466 2302 550 2367 alibi.
1174 2297 1225 2359 35.
1253 2295 1326 2358 Vim
1338 2294 1471 2358 honestus
1483 2293 1678 2376 episcopcrum
1696 2290 1872 2354 meatim
1885 2309 1906 2352 0

354 2399 404 2460 33.
427 2399 528 2477 Atque
551 2397 619 2461 haec
641 2396 814 2479 procedunt
835 2414 900 2460 uon
922 2393 1023 2458 solum
1041 2392 1081 2454 de
1135 2389 1201 2454 diuo
1227 2389 1367 2472 Apostolo
1394 2390 1435 2452 ad
1460 2389 1576 2464 Titum,
1602 2404 1626 2469 1,
1654 2389 1675 2449 e
1702 2395 1732 2448 et
1757 2403 1838 2468 seqq.
1863 2415 1907 2432 -

315 2489 436 2552 clericis
449 2490 657 2568 inferioribus,
675 2492 794 2554 sedvel
807 2491 941 2552 maxima
956 2489 988 2549 in
1002 2485 1082 2567 epis.
1134 2482 1227 2562 ltcsp.
1244 2483 1293 2546 lll.
1308 2482 1521 2563 Integritatem
1534 2480 1616 2556 vites,
1638 2493 1828 2557 mommqna
1847 2477 1908 2537 ho-

315 2583 413 2664 copis,
436 2582 566 2664 aliisque
588 2584 725 2664 prelatis
747 2581 974 2646 ecclesiasticis.
989 2581 1079 2653 Nam,
1135 2581 1300 2656 aestatem,
1314 2576 1488 2659 presertim
1501 2573 1699 2654 inepiscopis
1707 2571 1905 2651 requisitam,

315 2681 350 2737 ut
369 2673 452 2736 idem
472 2676 702 2740 oecumenicum
724 2676 905 2750 concilium,
928 2691 1005 2736 sess.
1028 2674 1078 2733 25.
1134 2671 1242 2750 paucis
1256 2670 1470 2752 complectitur
1482 2675 1608 2731 sanctus
1617 2667 1785 2749 Apostolus
1795 2682 1867 2746 esp.
1879 2680 1904 2726 ι.

314 2765 803 2849 cap.1.de1tesorm.ohserrat:
835 2790 849 2827 u
868 2767 974 2830 Totius
994 2764 1082 2826 fami·
1135 2761 1175 2827 ud
1190 2763 1300 2842 Titum,
1315 2765 1472 2828 scrihens:
1492 2763 1611 2846 Oportet
1624 2762 1701 2823 enim
1720 2759 1907 2842 Eptscupum

314 2858 364 2921 lite
377 2860 499 2923 Domini
513 2867 622 2940 statue,
639 2866 671 2926 et
692 2862 767 2924 ordo
790 2861 922 2940 nutabit,
949 2860 975 2920 si
998 2856 1090 2940 quod
1135 2858 1196 2924 siue
1209 2859 1330 2922 crimine
1343 2879 1411 2940 esse,
1426 2858 1501 2922 meat
1514 2857 1572 2920 Dei
1582 2856 1833 2940 demutatur-em:
1846 2871 1907 2912 000

315 2953 483 3032 requiritur
495 2954 528 3015 in
542 2973 682 3035 corpore,
698 2973 763 3016 non
784 2955 959 3017 inveniatur
975 2953 1009 3014 in
1029 2969 1082 3014 aa·
1134 2952 1297 3034 superbum,
1326 2973 1384 3016 000
1410 2952 1601 3030 iracundum,
1630 2967 1688 3011 000
1714 2947 1904 3024 vinolentum,

315 3047 391 3127 pite.
406 3047 530 3110 Etenim
543 3050 664 3130 praelati
677 3051 794 3114 dehent
808 3066 878 3111 esse
896 3049 993 3111 duces
1012 3064 1081 3127 gre·
1134 3067 1193 3110 000
1209 3067 1419 3129 percussores,
1444 3067 1501 3110 000
1524 3046 1617 3129 turpis
1641 3043 1719 3106 lueri
1743 3041 1905 3124 cupidum:

315 3139 374 3220 gis,
399 3147 431 3203 et
452 3149 604 3224 pastores,
629 3162 698 3208 can.
725 3143 901 3206 Sciscitmis.
930 3145 960 3204 7.
989 3156 1019 3219 q.
1048 3143 1079 3204 l.
1133 3139 1185 3204 sed
1205 3141 1388 3224 hospitalem,
1418 3143 1583 3224 teutonum,
1608 3139 1748 3215 tobinen,
1773 3135 1902 3216 jactum,

314 3233 408 3314 Atqui
422 3234 485 3298 rita
498 3238 643 3318 pastoris,
660 3238 754 3301 dehet
768 3255 835 3300 esse
846 3236 1004 3316 exemplar
1011 3234 1081 3298 suh-
1134 3243 1277 3315 sunctum,
1292 3241 1494 3314 coatraentem,
1514 3235 1733 3318 amplectentem
1753 3249 1829 3306 000,
1851 3227 1908 3309 qui

316 3327 398 3405 ditis,
414 3346 482 3390 0³11·
500 3329 576 3396 Cum
588 3331 725 3412 postumi.
742 3338 772 3397 i.
795 3351 827 3412 q.
849 3336 882 3393 t.
904 3330 1005 3408 Unde,
1028 3329 1081 3408 qui
1134 3330 1288 3394 senodum
1301 3331 1464 3394 doctrinam
1478 3328 1657 3412 estfiddem
1667 3333 1902 3401 sennuammetc.
2011 3327 2012 3330 ’

314 3429 463 3502 presunt,
478 3441 542 3486 non
556 3441 594 3486 ex
607 3425 759 3504 locorum,
777 3425 826 3488 vel
839 3425 964 3506 generis
983 3423 1082 3504 digni·
1135 3429 1236 3508 Atque
1250 3427 1290 3489 de
1305 3426 1391 3490 hisce
1405 3429 1555 3490 virtutum
1564 3421 1777 3506 prerogativis
1786 3419 1905 3482 adlon-

314 3522 389 3592 tate,
414 3517 470 3580 sed
492 3535 616 3580 morum
638 3519 799 3583 nobilitate
819 3520 1013 3582 innotescere
1026 3518 1081 3580 de·
1133 3541 1221 3604 gum,
1237 3531 1269 3586 et
1282 3542 1320 3585 ex
1333 3524 1485 3605 professo,
1501 3523 1649 3604 agiturin
1672 3521 1804 3582 Decreta
1828 3517 1905 3577 uru-

315 3611 401 3690 hent,
416 3628 486 3674 can.
501 3611 564 3675 Nor
577 3613 631 3695 qui
640 3631 814 3696 prosumus,
835 3613 906 3677 dist.
932 3617 982 3676 10.
1006 3613 1078 3675 etl.
1133 3616 1220 3696 tiaui,
1237 3617 1309 3680 dist.
1328 3619 1378 3680 10.
1402 3621 1452 3681 11.
1476 3619 1509 3680 et
1529 3633 1617 3696 seqq.
1641 3612 1787 3694 Singulas
1807 3610 1904 3670 hasce

314 3701 354 3766 Si
365 3705 541 3787 quempiam.
563 3725 591 3769 c.
614 3707 649 3770 de
667 3708 809 3790 Ephcop.
832 3708 974 3771 staterio.
996 3706 1081 3768 Alio·
1133 3711 1496 3792 qualitates,speaialitcr
1508 3711 1539 3772 iu
1555 3707 1710 3790 episcopis
1723 3705 1901 3786 requisitas,

314 3798 390 3876 quin
408 3799 602 3867 «vilissimus
615 3802 845 3882 computandus
860 3800 988 3882 est,nisi
1002 3820 1081 3882 prae·
1132 3803 1274 3885 pluribus
1293 3805 1506 3884 conciliorum,
1527 3811 1622 3884 atque
1646 3809 1827 3865 sanctorum
1846 3799 1904 3859 Pa·

313 3891 406 3954 cahat
419 3893 559 3972 0010000,
575 3901 606 3958 01
624 3896 797 3975 sanctitate,
820 3896 872 3976 qui
894 3903 941 3960 est
960 3896 1079 3961 honore
1132 3901 1216 3960 trum
1244 3900 1481 3964 auctoritatibus
1508 3896 1708 3974 exornando,
1741 3899 1773 3959 et
1799 3893 1904 3957 decla·
2010 3965 2011 3976 ,

312 3985 510 4065 prestantior
524 4006 541 4050 r
557 3996 651 4069 prout
659 3990 760 4070 iuquit
768 3991 974 4071 Symmachus
984 4010 1078 4073 papa,
1131 3975 1242 4057 raudo.

312 4079 428 4143 relatus
441 4099 512 4149 can.
534 4083 704 4148 Viderimus.
720 4089 771 4148 15.
788 4103 873 4148 caus.
890 4090 919 4148 1.
933 4102 964 4165 q.
981 4089 1009 4148 1.
1171 4089 1221 4153 36.
1246 4087 1317 4164 Qus
1329 4107 1380 4152 suo
1392 4087 1478 4152 modo
1490 4086 1578 4152 mium
1595 4087 1629 4149 ia
1650 4084 1763 4148 eterirt's
1776 4081 1901 4163 mseru-
2010 4033 2011 4076 ἐ

351 4177 402 4240 31.
424 4173 1079 4261 11010100000000001100000010000030-
1131 4181 1212 4244 ribus
1226 4181 1420 4250 desideratur.
1435 4215 1475 4232 -
1491 4183 1584 4264 Resp.
1599 4183 1650 4246 tv.
1674 4179 1826 4244 Praedicta
1840 4177 1901 4242 rir-

311 4268 376 4330 rius
389 4287 471 4351 papa
484 4273 597 4339 llomil.
613 4277 642 4336 7.
661 4275 692 4335 iu
703 4271 775 4337 Luc.
795 4277 843 4338 10.
864 4274 908 4336 sic
927 4273 1076 4355 loquitur.
1131 4282 1233 4338 tutum
1248 4281 1444 4353 ornamenta,
1460 4275 1533 4338 licet
1546 4272 1724 4357 specialiter
1737 4271 1900 4351 requiran-

315 4362 469 4434 tNullttm
481 4371 567 4446 puta,
592 4367 717 4430 Fratres
739 4368 923 4447 charissimi,
949 4371 988 4430 ah
1009 4371 1078 4432 aliis
1131 4376 1183 4433 tur
1202 4371 1234 4432 iu
1254 4371 1419 4453 episcopie,
1442 4368 1539 4434 veluti
1560 4367 1761 4451 perfectiouis
1783 4365 1900 4445 mogh

311 4456 413 4534 majus
425 4457 654 4539 prejudicium,
668 4480 764 4542 quam
777 4482 796 4526 a
811 4464 1023 4526 sacerdotibus
1033 4472 1077 4527 to·
1130 4465 1196 4536 tris,
1213 4482 1269 4525 suo
1285 4469 1392 4527 tamen
1405 4464 1499 4526 modo
1514 4463 1608 4528 etiam
1622 4463 1655 4525 in
1677 4462 1800 4525 clericis
1819 4459 1897 4520 intc-

309 4547 390 4611 lerat
410 4550 511 4615 Deus:
532 4557 657 4635 quando
681 4575 746 4634 eos,
771 4575 850 4638 quos
876 4558 917 4620 ad
943 4556 1076 4619 eliorum
1129 4555 1264 4618 rioribus
1293 4556 1519 4620 desiderantur.
1543 4558 1589 4619 lta
1607 4555 1794 4620 communis.
1809 4551 1898 4618 Unde

310 4643 535 4707 comestionem
555 4649 679 4729 posuit;
704 4651 779 4714 dara
802 4651 842 4713 de
867 4667 900 4713 se
933 4651 1075 4731 exempta
1129 4647 1213 4710 idem
1227 4650 1404 4730 Apostolus,
1415 4649 1468 4713 cit.
1480 4665 1516 4725 u,
1530 4652 1561 4711 5.
1577 4649 1618 4712 od
1633 4648 1732 4712 tiam
1746 4647 1895 4728 mnhens,
2009 4623 2010 4674 t

309 4736 469 4815 pravitatis
483 4741 600 4816 cernit;
616 4743 741 4822 qnando
756 4743 816 4824 ipsi
829 4761 1006 4824 peccamus,
1020 4743 1074 4826 qul
1128 4745 1277 4824 proecepit
1299 4745 1438 4824 quidem,
1463 4743 1608 4808 constitui
1632 4761 1690 4825 per
1711 4743 1813 4825 ipsum
1825 4757 1896 4820 pra-

308 4849 506 4914 eompesuere
520 4841 650 4913 peccata
662 4835 845 4899 debuimus:
857 4837 943 4901 nulla
958 4837 1076 4899 anima·
1128 4837 1281 4918 shyteros,
1298 4838 1354 4901 sed
1377 4856 1440 4902 nou
1455 4838 1514 4900 nisi
1533 4829 1659 4918 probus,
1676 4836 1823 4916 omnique
1837 4833 1896 4895 eri-

307 4946 381 4998 rum¹
391 4927 479 5000 lucra
491 4928 672 5009 querimus,
687 4931 728 4993 ad
740 4937 847 4996 nostra
861 4932 997 5014 quotidie
1012 4937 1075 4994 stu·
1127 4934 1211 4995 mine
1234 4941 1375 4996 carentes
1391 4953 1398 4995 :
1426 4930 1465 4998 Ut
1477 4931 1635 4994 constituet
1648 4931 1775 5012 (inquit)
1787 4949 1842 5010 per
1854 4929 1896 4989 ct·

306 5024 358 5089 dis
372 5040 530 5100 vocamus,
553 5029 677 5087 terrena
698 5027 946 5108 concupiscimus
964 5027 1074 5088 huma·
1127 5027 1230 5088 ut'tutes
1249 5027 1446 5110 presbyteros,
1467 5027 1542 5090 sicut
1559 5033 1586 5090 et
1606 5045 1658 5109 epo
1679 5025 1808 5107 deposui
1827 5021 1892 5086 tiht'.

304 5135 380 5180 uem
391 5117 525 5200 gloriam
538 5118 658 5180 intenta
671 5125 777 5184 mente
791 5127 991 5202 captamus»
1010 5127 1071 5184 etc.
1127 5120 1242 5202 Siquis
1262 5122 1324 5186 sine
1345 5121 1466 5184 oramine
1485 5129 1539 5201 est,
1554 5130 1607 5183 etc.
1622 5122 1710 5184 ldem
1724 5123 1748 5182 1.
1766 5116 1889 5182 Tarni.

305 5213 379 5276 llere
401 5212 472 5308 illa,
495 5211 636 5294 pluribus
659 5211 691 5271 in
713 5230 882 5296 progressu
904 5214 1072 5295 deplorans
1127 5229 1173 5290 111,
1202 5215 1283 5278 eto.
1312 5215 1444 5294 loquens
1464 5214 1504 5277 de
1522 5214 1673 5293 diaconis,
1689 5212 1734 5277 ait
1749 5231 1757 5272 :
1772 5211 1891 5291 Oportet

304 5307 515 5372 miserandam
549 5305 755 5386 quorumdam
791 5315 952 5388 pastorum
985 5308 1073 5371 mali·
1126 5305 1262 5372 diaconos
1284 5308 1419 5372 similiter
1439 5327 1498 5372 etse
1513 5308 1644 5392 pudtcot,
1667 5325 1726 5369 000
1739 5304 1888 5386 bilem

303 5401 391 5480 tiam,
407 5400 460 5481 qui
474 5406 662 5482 querentes,
676 5415 747 5479 quta
761 5417 818 5464 sua
832 5406 916 5478 sunt,
928 5419 1072 5483 nonque
1125 5420 1184 5464 000
1206 5403 1297 5484 multo
1313 5401 1381 5466 uim
1403 5401 1526 5486 deditos,
1550 5423 1608 5480 aua
1623 5409 1708 5484 turpe
1721 5399 1832 5462 tucrum
1845 5417 1890 5462 rr·

303 5497 378 5560 lesu
399 5495 524 5575 Christi,
547 5493 776 5562 mercenarium
796 5501 904 5578 agunt,
926 5495 1070 5562 veniente
1124 5503 1244 5580 etentes,
1259 5495 1392 5582 tuberum
1405 5495 1576 5581 myrtetum
1590 5493 1663 5578 fidei
1676 5495 1707 5559 ia
1719 5489 1888 5570 00000000
