4064 6062
265 199 323 262 tau
489 201 560 262 LIB.
584 201 617 262 ll.
641 198 851 260 autemst.
877 199 947 258 ΤΙΤ.
970 199 1059 261 XXII.
1082 199 1131 260 llll
1151 197 1238 259 alne
1259 193 1618 259 manutenendam.

264 333 366 414 ipsum
382 332 491 394 suadet
503 329 592 405 ratio,
603 333 635 392 et
648 331 797 392 naturalis
812 329 1034 409 aequitasNam
1087 348 1156 410 cap.
1178 328 1206 391 Ι.
1230 327 1265 390 de
1284 327 1405 390 Probat.
1431 335 1462 390 el
1484 327 1504 389 l.
1528 326 1586 402 (tot
1606 343 1750 387 coemere.
1772 343 1801 385 c.
1816 324 1852 386 de

267 445 305 489 ex
319 445 381 488 uua
394 430 493 504 parte,
503 424 576 504 quia
590 441 814 504 nonnunquam
829 422 1034 501 praecedentia
1088 421 1222 484 Edenda.
1238 421 1324 482 Ratio
1340 425 1398 496 est,
1415 421 1488 500 quie
1502 419 1554 498 qui
1571 419 1686 500 cogitat
1700 435 1796 498 agere
1817 417 1849 477 iu

267 519 316 582 rel
330 518 551 598 subsequentia
562 519 661 582 solent
671 524 804 594 arctare,
815 518 865 578 vel
875 516 1034 579 declarare
1084 515 1212 595 judicio,
1229 512 1322 575 debet
1336 513 1468 592 ipsemet
1481 515 1608 592 paratus
1621 513 1741 586 venire,
1756 518 1852 592 atque

269 613 442 684 articulum,
457 611 497 674 de
520 631 582 692 quo
610 611 848 673 controvertitur
871 628 878 670 :
910 611 983 672 binc
1001 616 1036 671 ut
1088 607 1287 690 probationes
1310 625 1366 669 seu
1388 609 1604 682 instrumenta,
1628 607 1742 689 quibus
1762 624 1852 668 suam

265 706 363 786 judex
395 705 506 767 merita
534 721 656 779 causae,
686 703 886 782 valoremque
914 709 946 764 et
973 701 1036 764 vim
1088 701 1290 765 intentionem
1312 701 1444 764 bundare
1471 701 1619 780 intendit,
1648 702 1680 763 in
1707 705 1853 781 promptu

269 797 465 860 instrumenti
487 797 578 875 plene
601 795 765 876 intelligat,
793 798 895 856 totum
920 795 1036 855 iustru—
1087 795 1216 868 habere,
1232 795 1251 857 l.
1268 795 1357 858 Pure.
1373 795 1457 876 aaa.
1475 796 1507 858 a.
1524 795 1559 857 de
1572 793 1643 857 Doti
1662 793 1734 856 mali
1749 811 1854 873 eccep-

270 891 407 953 mentum
423 889 525 952 eidem
546 889 756 950 exhibendum
779 893 846 960 est3
872 890 986 966 atque,
1002 891 1036 948 ut
1089 887 1158 950 ron.
1184 887 1291 965 juncto
1314 885 1495 968 Sammort'o,
1525 893 1557 948 et
1578 886 1756 948 doctoribus
1776 884 1850 946 ibid.

270 1004 343 1066 pars
358 981 881 1060 etiamadversasufficieutemejus
894 979 1036 1042 notitiam
1088 981 1197 1058 Neque
1219 979 1302 1041 enim
1322 981 1417 1059 juris,¹
1433 985 1488 1043 aut
1511 981 1664 1060 equitatis
1685 980 1765 1040 ratio
1783 997 1857 1058 per-

271 1079 387 1140 babere
402 1083 506 1157 queat
515 1076 707 1156 integraliter
720 1076 777 1136 crit
790 1073 1033 1154 praelegendum.
1089 1072 1181 1134 mittit
1215 1079 1250 1134 ut
1269 1073 1338 1152 quis
1359 1074 1471 1137 invitus
1493 1092 1579 1136 erma
1602 1072 1716 1153 quibus
1751 1073 1856 1152 impu-

271 1171 368 1245 Nam,
396 1171 483 1232 utin
506 1167 597 1229 simili
619 1170 640 1230 l.
666 1167 796 1230 lucibile.
821 1168 853 1228 fl.
876 1165 911 1228 de
933 1164 1034 1247 lapid.
1090 1170 1223 1246 gnetur,
1252 1168 1428 1230 adversario
1455 1186 1511 1231 suo
1539 1167 1681 1242 tradere,
1721 1185 1856 1246 eamque

272 1265 403 1326 dicitur:
425 1285 440 1323 c
461 1261 584 1324 lucivile
606 1269 663 1336 est,
688 1261 746 1323 nisi
767 1264 832 1323 tcta
858 1262 928 1342 lega
950 1279 1038 1340 pers·
1090 1264 1198 1323 contra
1212 1279 1245 1322 se
1260 1261 1407 1342 adjurare
1428 1269 1575 1344 cogatur,
1595 1263 1617 1325 l.
1634 1263 1732 1326 Nimis
1753 1281 1853 1344 praue.

271 1360 375 1438 pecta,
392 1357 484 1418 unica
498 1355 602 1435 aliqua
619 1354 770 1434 particrrla
793 1355 861 1436 ejus
879 1355 1038 1435 proposita
1091 1373 1118 1417 c.
1134 1353 1171 1416 de
1189 1353 1327 1416 l'eatidae.
1345 1354 1472 1416 Accedit
1491 1355 1575 1434 quod
1589 1361 1693 1416 actore
1707 1373 1772 1416 nou
1786 1373 1860 1432 pro·

270 1450 421 1530 judicare,
437 1451 487 1511 vel
500 1448 701 1529 respondere.
717 1473 732 1510 o
1091 1449 1196 1526 hante,
1211 1465 1284 1508 reus
1297 1448 1335 1509 sil
1350 1447 1570 1522 absolvendus,
1581 1467 1608 1512 c.
1621 1447 1697 1512 Cam
1710 1447 1852 1510 Ecclesia.

312 1544 382 1604 ata.
405 1541 493 1604 Ratio
515 1543 683 1623 posterioris
702 1544 799 1626 portis
826 1544 970 1627 quoti·
995 1543 1040 1602 Ex
1091 1541 1176 1622 §fin
1193 1539 1462 1622 deCouaoposaeso.
1480 1541 1541 1603 ibi:
1563 1545 1773 1605 odotorencn
1787 1560 1857 1621 pro-

274 1637 372 1698 altera
385 1653 459 1697 vero
473 1645 573 1716 parte,
590 1654 630 1697 ue
644 1637 741 1718 litigia
754 1655 836 1700 nova
855 1637 1040 1700 suscitaren·
1093 1634 1198 1711 bante‚
1215 1636 1267 1714 qui
1282 1635 1475 1706 convenitur,
1492 1638 1524 1698 et
1538 1634 1564 1697 si
1578 1635 1654 1696 nibil
1667 1634 1856 1716 praetiterit,

274 1737 334 1804 tur,
351 1729 376 1792 si
390 1732 490 1791 totum
503 1729 755 1809 instrumentum,
774 1731 839 1795 sive
853 1731 944 1812 copia
959 1731 1037 1809 ejus,
1095 1725 1254 1805 obtinebit,
1271 1749 1285 1786 e
1305 1745 1376 1792 oum
1389 1729 1625 1790 concordantiis.

273 1824 353 1904 parti
368 1823 506 1885 advene
521 1823 666 1886 ederetur
683 1843 690 1884 :
706 1825 779 1887 hinc
793 1823 920 1904 provide
934 1823 1040 1885 decre·
1133 1823 1201 1882 243.
1225 1820 1360 1898 Oneravit
1374 1829 1506 1884 teneone
1525 1819 1697 1904 respondere
1719 1821 1760 1883 cd
1778 1821 1857 1903 posi-

274 1923 341 1978 tum
361 1917 435 1991 luit,
466 1919 501 1979 ut
518 1921 620 1978 totum
642 1917 769 1996 quidem
800 1917 1041 1981 instrumentum
1095 1912 1181 1974 trenes
1204 1913 1313 1994 ¹tectoria
1336 1933 1348 1975 ,·
1371 1920 1399 1974 et
1425 1933 1490 1996 que
1512 1912 1692 1996 disparitas?
1718 1947 1757 1962 -
1796 1916 1861 1976 Nec

274 2010 496 2090 praelegeretur
517 2010 597 2090 parti
624 2009 764 2072 adversae
794 2012 834 2074 ad
864 2010 1041 2073 habendam
1095 2005 1197 2067 obstat
1225 2000 1310 2086 quod
1329 2013 1415 2068 actor
1437 2007 1580 2070 iaciendo
1606 2009 1777 2089 positiones
1805 2007 1857 2088 (ad

275 2103 481 2165 sufficientem
494 2103 588 2164 totius
598 2103 793 2167 instrumenti
803 2105 960 2178 notitiam;
976 2120 1041 2164 nou
1095 2118 1173 2181 quas
1186 2119 1259 2162 reus
1272 2100 1461 2184 respondere
1476 2107 1611 2176 tenetur,
1636 2103 1694 2164 uisi
1718 2103 1790 2165 velit
1804 2121 1860 2182 pro

276 2203 381 2259 tamen
395 2201 495 2258 totum
515 2196 618 2258 eidem
637 2198 800 2271 ederetur,
821 2198 875 2260 sed
893 2199 1043 2262 duntaxat
1095 2197 1236 2258 confesso
1250 2195 1368 2270 haberi,
1384 2214 1453 2276 cap.
1472 2197 1527 2258 ult.
1544 2195 1579 2261 de
1593 2195 1750 2277 Coclearia.
1767 2197 1860 2277 iud.)

275 2309 348 2372 pars
366 2289 429 2366 illa,
445 2289 509 2352 sive
524 2289 704 2369 capitulum,
722 2309 891 2372 superque
912 2295 1041 2372 quaestio
1094 2307 1152 2368 per
1165 2287 1410 2369 responsionem,
1420 2294 1451 2351 et
1461 2287 1752 2363 confessionemrel,
1765 2291 1864 2368 possit

275 2386 429 2446 movetur.
459 2383 538 2454 Quia
559 2402 622 2445 non
650 2389 714 2446 tam
736 2385 826 2446 laoile
855 2405 893 2448 ex
912 2383 1042 2465 simplici
1095 2382 1226 2445 brudare
1241 2400 1330 2444 suam
1344 2382 1567 2456 intentionem
1591 2385 1624 2444 et
1646 2382 1689 2443 sic
1713 2384 1863 2462 quodam-

275 2479 395 2538 lectura
409 2475 507 2538 oritur
520 2493 601 2550 nova
614 2477 743 2540 materia
753 2479 904 2560 litigandi,
915 2481 996 2541 sicut
1005 2497 1042 2542 ex
1097 2477 1190 2538 modo
1204 2481 1290 2537 arma
1305 2475 1344 2538 de
1359 2475 1627 2537 domoadversarii
1637 2478 1755 2554 petere.
1768 2477 1861 2554 Resp.

276 2572 396 2650 integro
427 2577 623 2650 transumpto
650 2573 846 2635 instrumenti
870 2591 877 2635 :
907 2574 933 2634 si
960 2575 1043 2635 euim
1097 2571 1180 2634 euim
1204 2588 1276 2632 cum
1294 2571 1344 2634 to.
1370 2569 1572 2648 Andreacap.
1595 2585 1616 2630 1.
1640 2585 1672 2630 n.
1690 2573 1720 2632 ἢ.
1737 2567 1773 2630 de
1787 2568 1865 2634 Coa-

276 2665 359 2726 istud
369 2664 515 2724 contiuuo
525 2671 807 2745 remaneretpeues
817 2667 1041 2744 adversarium,
1096 2665 1190 2748 fessa,
1205 2666 1237 2726 in
1253 2667 1283 2726 6.
1299 2668 1331 2727 et
1342 2663 1448 2726 Abbas
1462 2681 1531 2746 cap.
1548 2663 1603 2725 Ec
1616 2663 1745 2745 epistola
1758 2681 1792 2726 n.
1811 2665 1861 2723 lt.

277 2757 387 2820 diebus
397 2775 435 2818 ac
444 2755 587 2819 noctibus
597 2775 654 2837 per
664 2757 732 2838 ejus
745 2761 911 2822 advocatos
924 2761 1044 2840 legere-
1097 2759 1134 2823 de
1151 2759 1273 2822 Probat.
1299 2759 1442 2840 negando
1465 2757 1631 2837 paritatem
1650 2756 1732 2818 inter
1750 2757 1865 2818 iustru-

277 2857 338 2926 tur,
354 2851 571 2932 discuteretur,
588 2857 619 2912 et
632 2853 735 2930 quoad
749 2852 810 2914 alia
830 2853 965 2933 capitula
985 2855 1044 2916 im·
1098 2861 1214 2933 menta,
1230 2860 1262 2917 et
1275 2851 1502 2915 confessionem
1525 2850 1570 2912 rei
1592 2870 1600 2912 :
1623 2869 1697 2912 uam
1721 2854 1865 2931 respectu

278 2944 411 3026 pugnari
434 2945 620 3021 tentaretur,
649 2944 790 3024 plurimis
818 2945 928 3008 exinde
956 2948 1044 3010 novis
1098 2945 1300 3010 confessionis
1313 2945 1439 3007 alterius
1458 2944 1553 3024 partis
1573 2962 1638 3005 uon
1660 2949 1763 3026 potest
1778 2945 1866 3006 actor

278 3036 382 3098 litibus
395 3035 549 3098 falcitatis
567 3036 604 3098 Et
617 3036 659 3098 ita
673 3039 754 3100 teste
768 3039 955 3116 experientia
970 3039 1045 3101 clim
1098 3039 1204 3102 venire
1219 3044 1357 3119 paratus,
1373 3055 1444 3099 cum
1459 3055 1521 3098 non
1536 3037 1575 3098 sit
1588 3037 1620 3097 in
1631 3054 1688 3096 sna
1696 3039 1863 3116 potestate,

278 3131 396 3192 lactum
416 3145 485 3191 esse
505 3129 640 3190 retertur
660 3129 710 3191 cit.
734 3147 762 3190 c.
782 3125 943 3214 Conttnpit.
958 3137 988 3196 5.
1009 3134 1042 3195 h.
1099 3133 1171 3214 quid
1187 3151 1260 3194 reus
1274 3131 1416 3194 fateatur.
1432 3129 1706 3192 Sccusdicendum
1720 3134 1868 3208 respectu

279 3229 303 3286 t.
318 3222 401 3284 uude
416 3221 557 3283 Pontifex
571 3239 609 3282 eo
623 3221 790 3297 intellecto,
806 3229 899 3302 atque
915 3225 955 3286 ad
969 3243 1046 3305 pras·
1098 3224 1305 3299 instrumenti,
1322 3242 1393 3286 cum
1408 3221 1541 3303 potuerit
1562 3241 1581 3283 a
1605 3222 1755 3304 principio
1780 3230 1869 3288 actor

280 3315 471 3378 cludendum
483 3314 568 3376 riam
580 3313 723 3394 plurimis
737 3315 842 3396 litigiis
855 3319 1046 3399 ceteroquin
1099 3319 1158 3381 sibi
1172 3335 1365 3399 precaver03
1381 3323 1413 3378 et
1426 3317 1451 3378 si
1464 3317 1525 3378 hcc
1538 3334 1602 3378 non
1622 3315 1705 3390 fecit,
1731 3316 1790 3377 sibi
1811 3315 1869 3377 im·

281 3409 478 3483 suscitandis,
493 3405 642 3484 decrevit,
660 3415 813 3490 utsupra.
1099 3419 1206 3497 putet:
1222 3433 1297 3476 uam
1303 3413 1582 3496 jurarigllantibus
1592 3411 1790 3492 subveniunt,
1803 3431 1868 3476 uon

320 3505 390 3564 all.
412 3501 676 3563 Instrumentoram
698 3501 834 3564 editiones
852 3503 956 3568 debeat
980 3505 1049 3589 fieri
1100 3507 1344 3590 negligentibus.

281 3596 342 3658 eine
355 3593 404 3656 die
417 3614 429 3656 .·
443 3613 522 3656 secas
536 3595 568 3656 ta
586 3594 709 3658 editione
720 3595 877 3659 rationum.
892 3605 1047 3682 —Atque
1140 3604 1210 3664 tlt.
1232 3602 1325 3664 Actor
1338 3610 1436 3664 tomen
1448 3606 1562 3662 tenetur
1581 3597 1665 3663 edere
1686 3617 1734 3660 reo
1757 3599 1869 3660 instru-

281 3689 350 3751 heec
362 3689 440 3751 ratio
454 3694 520 3751 tam
532 3689 619 3750 fortis
634 3693 691 3767 est,
711 3692 827 3770 utjure
841 3693 921 3754 civili
936 3713 1045 3756 carea-
1101 3705 1197 3760 meate
1214 3694 1255 3757 ad
1273 3694 1455 3778 fundandam
1478 3694 1568 3774 trojus
1594 3693 1812 3776 acceptionem
1841 3703 1870 3755 ct

281 3786 333 3845 tur
346 3782 430 3860 quud
444 3780 596 3859 ejusmodi
610 3781 888 3846 instrumentorum
897 3785 1048 3848 editiones
1101 3795 1177 3856 cur?
1190 3794 1267 3856 Rene
1280 3787 1447 3873 eaedpr'eodo
1459 3787 1496 3870 fit
1509 3795 1600 3865 octor,
1615 3793 1645 3849 et
1658 3785 1817 3868 quomodo?
1830 3817 1870 3833 -

287 3877 383 3937 “⁸1⁰0
397 3875 458 3952 die,
476 3874 658 3950 0i⁰01¹⁸1¹let
674 3875 742 3937 fleti
757 3874 874 3942 debent
892 3898 899 3940 :
920 3879 1050 3959 nequid
1102 3889 1209 3967 Neque
1223 3884 1354 3947 ulterius
1373 3885 1486 3964 obstat,
1509 3881 1594 3962 quod
1617 3883 1703 3942 actor
1726 3883 1871 3941 teneatur

281 3968 401 4031 frendit
415 3967 610 4049 01⁰⁰ssstssiur
624 3966 707 4043 θᾶῑῑῡ
728 3968 792 4044 die,
817 3977 848 4032 fii
870 3972 1045 4047 0⁰ss³11103¹t
1102 3998 1156 4042 reo
1172 3977 1265 4040 edere
1279 3977 1484 4040 instrumenta
1503 3976 1544 4037 ad
1567 3973 1780 4048 fundandam,
1806 3972 1872 4032 sire

282 4069 376 4143 prout
397 4061 535 4139 loquitur
557 4063 659 4123 textus
673 4062 695 4123 l.
710 4064 734 4125 l.
749 4063 767 4142 ἓ
781 4061 944 4127 Editrbaeo.
966 4065 999 4130 ff.
1015 4065 1051 4129 do
1102 4071 1297 4153 probandam
1312 4087 1399 4130 suam
1415 4067 1647 4149 exceptionem,
1662 4069 1736 4127 text.
1755 4063 1829 4126 clar.
1845 4062 1869 4124 l.

282 4155 419 4220 Edenda.
435 4157 630 4234 Quamquam
644 4153 725 4217 illico
740 4155 854 4218 ibidem
868 4159 950 4221 istud
970 4161 1050 4222 limi·
1103 4165 1173 4230 Non
1186 4172 1228 4227 est
1246 4183 1361 4227 aarum
1377 4163 1442 4224 etl.
1459 4161 1515 4224 ult.
1532 4179 1559 4223 o.
1576 4159 1613 4222 de
1630 4157 1779 4234 Edendo;
1799 4173 1873 4219 cum

283 4253 367 4314 tetur
380 4249 411 4310 iu
426 4248 512 4310 libris
526 4248 693 4322 rationum,
718 4248 778 4310 illis
802 4251 905 4312 verbis
921 4271 928 4313 τ
957 4273 973 4312 u
994 4253 1051 4316 Ra·
1105 4267 1209 4322 tamen
1222 4277 1295 4320 reus
1310 4255 1492 4338 excipiendo
1505 4255 1562 4317 liat
1575 4259 1673 4328 actor,
1696 4255 1717 4314 l.
1736 4255 1765 4315 l.
1787 4252 1821 4313 ff.
1837 4249 1875 4313 de

283 4345 386 4407 tiones
396 4349 502 4404 tamen
516 4360 589 4403 cum
602 4341 652 4404 die
668 4349 699 4404 et
709 4343 837 4404 consule
848 4345 899 4406 edi
914 4346 1049 4410 debent:
1104 4352 1284 4435 Exceptloa.
1308 4353 1399 4431 Resp.
1426 4351 1509 4413 anim
1536 4348 1750 4429 disparitatem
1780 4363 1871 4418 esse,

285 4435 432 4516 quoniam
446 4441 574 4515 accepta
595 4439 627 4498 et
648 4435 722 4497 data
741 4455 805 4499 uou
819 4439 908 4500 aliter
921 4445 1052 4520 possunt
1105 4449 1179 4528 quia
1200 4447 1273 4508 licet
1290 4463 1362 4507 reus
1376 4442 1556 4523 excipiendo
1570 4440 1742 4516 detector,
1766 4446 1875 4500 umen

284 4546 448 4610 apparere,
464 4529 522 4590 nisi
536 4527 604 4590 dies
619 4535 650 4591 et
663 4530 771 4591 consul
794 4531 887 4595 fuerit
904 4535 1015 4598 editus.
1032 4558 1046 4596 a
1104 4543 1171 4622 ipso
1186 4548 1234 4605 est
1249 4543 1334 4604 actor
1349 4537 1560 4615 necessarius,
1584 4541 1616 4598 et
1628 4532 1718 4614 quasi
1739 4533 1871 4606 inritus;

285 4628 386 4702 Atque
401 4641 439 4684 ex
453 4621 502 4683 his
516 4627 602 4702 patet
615 4621 779 4701 disparitas
792 4624 873 4688 iuter
892 4627 988 4690 libros
1001 4647 1052 4690 ra·
1105 4651 1177 4696 cum
1191 4651 1254 4694 uon
1269 4633 1308 4695 sit
1321 4632 1352 4693 in
1368 4633 1435 4711 ejus
1455 4633 1609 4711 potestate
1630 4643 1672 4688 au
1695 4629 1726 4688 et
1746 4625 1873 4704 quando

283 4715 415 4792 fi⁰¹¹¹¹fflr
432 4717 463 4774 ei
477 4711 536 4774 ³1¹³
552 4713 768 4778 initimum·
1105 4727 1318 4790 conveniatur.
1330 4721 1650 4788 Sccusdicendumde
1662 4723 1767 4782 actore
1779 4735 1787 4778 ι
1798 4735 1874 4779 uam

323 4811 393 4870 tlt.
416 4807 495 4870 aaa
509 4807 709 4887 testamento,
725 4809 901 4894 quibusnam
918 4821 961 4875 est
982 4831 1051 4875 aaa·
1104 4821 1137 4882 in
1160 4822 1311 4900 potestate
1333 4817 1446 4880 actoris
1469 4820 1517 4876 est
1536 4830 1576 4874 an
1601 4815 1633 4874 et
1653 4809 1780 4892 quando
1801 4825 1873 4870 con·

283 4921 346 4978 rus,
359 4900 537 4984 regulariter
549 4919 606 4963 noa
620 4903 826 4968 trecasenae
840 4907 932 4969 actore¹
939 4907 1052 4989 odfim-
1104 4913 1212 4976 renire
1225 4911 1298 4975 velit
1311 4929 1415 4984 reum;
1432 4925 1528 4988 seque
1543 4911 1596 4967 aut
1610 4903 1801 4985 premuniro
1810 4901 1878 4962 sul-

283 4995 411 5059 doodom
424 4995 1052 5076 interimentum,-ercort-Quaeritur
1104 5005 1280 5068 ficiennbus
1294 5002 1538 5085 probationibus,
1561 5003 1616 5060 aut
1638 4997 1796 5060 actionem
1811 5013 1878 5056 non

283 5093 330 5154 lll.
348 5093 396 5154 Au
410 5107 482 5152 rens
496 5109 552 5152 sua
567 5088 791 5166 instrumenta,
816 5093 930 5171 quibus
950 5097 981 5156 iu
992 5098 1051 5182 ju·
1104 5101 1263 5162 inchoare.
1275 5100 1311 5161 Et
1325 5099 1398 5159 binc
1412 5115 1475 5156 non
1488 5091 1657 5168 immerito,
1678 5109 1693 5152 r
1708 5087 1876 5150 Favorabi-

284 5185 364 5247 dicio
373 5201 435 5245 nou
446 5188 492 5246 est
505 5202 629 5256 usurus,
640 5187 783 5246 teneatur
793 5185 886 5249 edere
900 5189 996 5252 actori
1011 5190 1052 5252 ad
1102 5193 1196 5254 liores
1218 5191 1263 5254 rei
1285 5191 1399 5270 potius,
1416 5207 1511 5267 quam
1531 5189 1655 5249 actores
1671 5183 1839 5254 habentur,
1855 5205 1870 5238 a

283 5278 475 5340 fundandam
488 5279 556 5358 ejus
571 5277 794 5342 intentionemt
809 5281 901 5361 Reap.
917 5283 1050 5364 Regula·
1100 5285 1189 5365 juxta
1212 5287 1331 5347 testum
1351 5281 1512 5360 vulgatum
1536 5281 1568 5341 in
1586 5279 1607 5340 l.
1624 5275 1872 5340 Favorcbittorer.

283 5370 358 5432 riter
372 5388 435 5432 non
447 5371 548 5434 teneri
567 5371 679 5446 edere;
702 5375 796 5452 prout
818 5374 901 5437 clare
913 5376 1049 5439 babetur
1103 5376 1135 5438 tf.
1151 5375 1187 5439 de
1200 5376 1273 5458 Rep.
1283 5375 1350 5456 jur.
1367 5391 1439 5436 cum
1454 5372 1617 5435 similibus.
