4064 6062
281 312 283 316 ·
322 297 362 358 82
551 297 621 360 LlB.
643 299 680 362 ll.
702 296 909 359 [rennuunt.
932 297 1003 358 Tl'l'.
1025 297 1114 362 xxti:
1136 297 1187 358 DE
1208 297 1294 360 Filiil
1315 297 1675 364 marabutinorum.

324 434 376 490 tur
400 427 605 504 authenticam,
634 431 722 510 qnasi
749 447 787 493 en
813 449 847 492 se
870 429 1086 494 anctoritatem
1140 431 1457 510 b.t.1tem,quando
1478 430 1573 494 babet
1593 433 1686 493 trium
1705 431 1832 495 testium
1857 433 1904 494 ri-

325 521 454 594 babens,
470 525 505 582 nt
517 521 618 600 inquit
638 524 742 585 nobas
762 541 830 603 cap.
856 539 884 594 ι,
901 539 933 582 n.
955 527 984 584 2.
1005 523 1037 583 b.
1061 529 1085 584 t.
1139 523 1278 585 rentium
1292 523 1561 604 subscriptionem,
1577 525 1597 586 l.
1614 525 1795 607 Scra'prtaros.
1810 527 1829 606 ᾖ
1846 527 1904 589 fin.
2021 559 2022 606 p

323 613 456 674 Econtre
472 614 739 676 «instrumentum
753 633 816 676 non
834 616 1050 678 authenticum
1068 637 1083 674 a
1141 635 1168 678 c.
1188 616 1274 694 «Qui
1289 619 1425 697 potiores
1440 619 1472 680 in
1485 619 1633 700 pignore,
1659 639 1674 682 a
1697 623 1756 682 etc.
1777 623 1908 700 Insuper
2021 613 2022 680 i

324 705 445 781 dicitur,
462 707 545 786 quod
560 725 597 770 ex
611 727 656 784 se,
672 727 709 771 ac
723 708 851 770 seclusis
869 707 938 770 eliis
956 708 1088 769 admini-
1141 710 1291 788 scriptura
1318 711 1448 790 privata,
1477 711 1620 774 redditur
1647 713 1825 775 authentica
1851 731 1910 792 per
2021 767 2022 770 ,

209 875 212 887 ¹
324 799 401 860 culis
419 817 482 860 non
499 800 573 863 facit
592 801 698 875 fidem,
722 804 909 880 plenamque
930 801 1088 882 probatio-
1141 802 1400 884 subscriptionem
1414 805 1579 866 ambarum
1594 805 1746 884 partiam
1766 809 1802 868 nt
1820 806 1856 868 iit
1875 807 1910 866 in

323 909 407 956 nem.
422 893 590 955 Occasione
601 894 708 974 cujus:
1141 895 1360 967 contractibus,
1385 897 1515 976 aliisque
1543 897 1701 980 scripturis
1723 897 1911 961 facientibus

364 989 414 1048 11.
436 984 517 1048 luter
530 987 752 1050 instrumentum
762 987 910 1070 patticam
922 997 952 1050 et
965 989 1086 1053 nnttcn-
1140 1007 1196 1070 pro
1211 994 1343 1067 utraque
1357 995 1466 1069 parte:
1489 989 1551 1052 imo
1576 996 1607 1070 et
1628 1007 1686 1068 per
1707 990 1910 1071 subscriptio-

325 1077 413 1141 ticum
434 1099 474 1141 an
495 1081 534 1142 sit
554 1080 743 1162 differentia?
768 1081 920 1162 Differam
948 1093 1087 1165 tanquam
1140 1082 1545 1164 nemilliussolinspartis,
1568 1091 1790 1163 contraquam
1812 1085 1907 1158 iacit3
2021 1151 2022 1156 ,

322 1173 968 1255 ruputasetinscrius.·-Ouaeriturll.·nn
983 1175 1087 1238 sitdii-
1142 1180 1175 1236 ut
1188 1174 1220 1235 in
1233 1173 1410 1249 donatione,
1432 1176 1585 1255 deposito,
1607 1194 1644 1238 ac
1667 1177 1855 1256 hujusmodi,
1882 1177 1907 1237 l.

323 1261 454 1327 ferentia
467 1265 548 1328 inter
561 1267 801 1330 instrumentum
815 1269 973 1348 publicum
987 1276 1017 1330 et
1031 1289 1087 1331 aa·
1140 1265 1177 1327 ln
1200 1265 1409 1328 cornutam.
1432 1284 1460 1330 c.
1476 1266 1512 1329 de
1530 1265 1709 1344 Donatian.,·
1729 1269 1819 1331 icen.
1844 1271 1909 1330 An·

322 1355 617 1438 tbenticumtttesp.
636 1363 656 1420 1.
672 1361 735 1422 Etsi
750 1361 832 1424 inter
844 1361 1085 1424 instrumentum
1139 1360 1230 1422 dieas
1262 1360 1293 1420 in
1320 1359 1423 1424 Addit.
1462 1377 1570 1442 nmque
1595 1359 1635 1422 od
1666 1359 1907 1442 Speculatorcrn,

321 1450 492 1528 publicum,
509 1451 778 1524 eteuthanticum,
793 1455 890 1534 possit
910 1455 1010 1516 notari
1029 1455 1087 1516 eli-
1138 1453 1184 1516 tit.
1201 1453 1513 1517 chnstramcntoram
1526 1452 1658 1516 etiamn.
1674 1456 1735 1534 §t
1755 1453 1843 1517 Nunc
1854 1453 1905 1516 di·
2021 1461 2022 1470 ’

322 1559 384 1620 qua
397 1543 983 1627 differentia,inaffectatamenperum
992 1544 1087 1608 inter-
1139 1545 1269 1610 cendam
1296 1566 1376 1610 vers.
1402 1548 1572 1610 «remum
1596 1549 1858 1629 supplementum.
1884 1571 1901 1610 n

322 1639 387 1712 ιιι,
417 1655 455 1698 ec
480 1637 659 1718 trequenter
694 1639 826 1720 publica
842 1645 874 1701 ct
907 1636 1085 1701 anthentica
1137 1641 1292 1702 Tenentur
1311 1639 1466 1703 nuncubi
1488 1639 1584 1718 modi,
1607 1640 1720 1719 quibua
1742 1641 1906 1721 scripturae

321 1729 536 1806 instrumenta,
557 1739 722 1795 sumuntur
743 1749 799 1812 pro
823 1731 1015 1812 synonymis.
1040 1733 1084 1794 lte
1138 1733 1265 1812 privatas
1293 1733 1555 1806 authentizeotur,
1582 1737 1677 1811 atquc
1708 1732 1788 1794 intre
1821 1734 1839 1814 5
1869 1737 1904 1796 5.
2021 1731 2022 1786 ἴ

320 1821 425 1885 nbbas
438 1825 470 1885 in
483 1825 535 1888 cit.
552 1842 621 1907 cap.
637 1841 659 1887 1.
677 1845 708 1886 n.
724 1829 754 1887 t.
771 1825 802 1887 b.
818 1831 841 1888 t.
864 1825 981 1900 decus,
1001 1823 1085 1903 quod
1137 1843 1169 1887 n.
1186 1828 1255 1888 tta.
1271 1831 1302 1888 ct
1321 1843 1410 1906 seqq.
1433 1845 1472 1888 cx
1491 1825 1629 1906 professo
1649 1825 1905 1890 declarabantur.

324 1937 339 1974 a
361 1917 463 1980 omnis
485 1918 638 1998 scriptura
659 1917 784 1998 publice
806 1923 854 1981 est
877 1917 1080 1980 conannas:
1177 1923 1226 1982 16.
1248 1920 1478 1984 lustramentum
1487 1921 1638 2003 patticam
1651 1930 1679 1985 ct
1695 1921 1903 1998 authenticam,

319 2009 375 2072 sed
388 2028 451 2073 non
466 2011 565 2072 omnis
584 2010 773 2086 authentica,
795 2017 843 2072 est
864 2009 1007 2090 publica:
1031 2009 1083 2072 be·
1135 2011 1301 2094 freqamtcr
1314 2015 1726 2098 sumanturprcspnonymis.
1742 2051 1781 2062 -
1796 2016 1904 2080 altere
1979 2060 1982 2071 ·
2021 2011 2022 2020 ’

318 2105 490 2168 bentenim
505 2123 550 2178 se,
566 2104 756 2184 utsnperius
778 2102 960 2166 etinierius.
977 2125 992 2162 a
1010 2104 1083 2166 llaec
1136 2125 1208 2186 pars
1234 2107 1316 2170 date
1339 2109 1556 2184 conclusionis,
1582 2109 1709 2188 scilicet,
1734 2110 1767 2172 in
1789 2109 1906 2172 affeetu

318 2196 380 2259 ille.
394 2197 429 2258 ld
443 2198 544 2276 ipsum
559 2197 652 2259 uadit
664 2197 862 2261 Innocentius
874 2197 907 2258 in
920 2215 948 2258 c.
961 2195 1083 2278 Scripta
1135 2218 1247 2280 perum
1267 2199 1417 2264 interesse
1436 2200 1516 2264 inter
1538 2201 1780 2264 instrumentum
1799 2203 1904 2283 publi·

318 2307 395 2352 acra
419 2293 449 2352 t.
474 2307 505 2350 n.
529 2293 559 2352 1.
584 2289 616 2352 1ι.
641 2294 665 2353 t.
690 2307 843 2366 asserens,
870 2289 955 2370 quod
977 2290 1082 2352 omnia
1135 2311 1206 2354 cum
1221 2294 1491 2386 eteuthenticnm,
1507 2313 1546 2357 ex
1560 2313 1597 2358 co
1617 2301 1723 2376 petati
1746 2294 1902 2375 quiahoc

317 2383 429 2462 scripta
446 2380 569 2463 publice
589 2383 709 2462 possint
727 2383 789 2446 dici
809 2383 1003 2458 authentica,
1026 2381 1082 2444 sed
1136 2385 1214 2466 ipso,
1230 2386 1314 2471 quod
1328 2385 1569 2449 instrumentum
1582 2387 1794 2450 authenticum
1808 2405 1847 2450 ax
1864 2405 1903 2451 se
2021 2383 2022 2416 ³

200 2484 202 2488 ’
315 2497 379 2541 non
393 2485 538 2552 ecorum
555 2478 627 2558 quio
648 2499 662 2536 a
680 2497 715 2540 se
734 2479 853 2542 babent
872 2484 908 2540 ut
927 2477 1080 2542 escedcn·
1134 2476 1228 2539 fidem
1250 2477 1355 2554 iaciat,
1376 2479 1444 2559 jam
1466 2479 1542 2540 illud
1563 2487 1723 2562 perpetue
1744 2480 1903 2544 firmitatis
2021 2543 2022 2556 ,

315 2571 368 2645 tie,
384 2575 416 2633 et
429 2588 565 2634 excessa.
583 2593 597 2630 ι
616 2571 731 2634 Beldus
752 2571 826 2634 ibid.
851 2590 881 2632 n.
905 2575 957 2644 8.;
983 2570 1080 2649 linget
1134 2577 1191 2648 cst,
1213 2571 1377 2650 iidemque
1403 2577 1542 2636 meretur
1568 2575 1728 2650 omnium;
1756 2591 1819 2636 non
1841 2575 1902 2636 ob-
2021 2557 2022 2596 ³

315 2664 347 2728 b.
364 2670 400 2741 t.,
416 2684 447 2728 n.
463 2669 501 2742 23
518 2667 635 2748 Sannig
649 2665 719 2730 eod.
736 2685 805 2747 cap.
821 2683 856 2742 ιι,
872 2685 904 2729 u.
924 2671 951 2729 1.
966 2672 999 2727 et
1015 2665 1078 2728 alii.
1134 2669 1246 2738 stante,
1259 2665 1371 2744 quode
1384 2665 1508 2745 publico
1522 2667 1643 2730 acurio
1657 2685 1729 2729 cum
1742 2667 1903 2748 requisitis

315 2758 403 2822 Ratio
417 2759 529 2840 prioris
542 2761 638 2841 partis
652 2764 719 2823 est:
735 2761 810 2839 quia
822 2761 922 2841 magis
940 2777 1080 2822 commu·
1134 2757 1378 2820 solemnitatibus
1391 2757 1566 2820 coniectum
1585 2777 1649 2821 non
1668 2759 1772 2822 luent.
1796 2763 1902 2838 Atque
2021 2799 2022 2802 =

271 2923 277 2934 ,
315 2853 397 2916 niter
410 2871 465 2934 per
483 2854 753 2918 «instrumentum
767 2854 937 2933 publicum,
953 2877 967 2914 a
989 2853 1081 2916 intel·
1133 2851 1248 2914 idcirco
1262 2851 1443 2932 Speculator
1456 2853 1501 2914 cit.
1517 2850 1555 2915 dc
1571 2851 1761 2916 Imtrament.
1779 2853 1898 2918 edition
2021 2861 2022 2904 ³

313 2947 419 3028 ligitur
446 2948 499 3010 illa
524 2949 685 3029 scriptura,
715 2967 785 3030 quae
809 2949 950 3012 contecta
976 2948 1033 3010 tuit
1059 2967 1080 3012 a
1129 2947 1150 3027 Ἰ5
1170 2943 1260 3008 Nunc
1280 2943 1440 3008 dinanum.
1463 2963 1497 3008 n.
1522 2950 1553 3011 l.
1575 2964 1633 3027 pro
1653 2948 1765 3010 eodem
1787 2947 1903 3028 accipit
2021 2959 2022 3036 ]

313 3041 596 3123 publicaperscue,
617 3043 734 3106 scilicet
756 3043 914 3106 auctario
936 3062 1008 3106 cnm
1032 3061 1079 3104 so·
1137 3061 1152 3099 c
1178 3039 1421 3102 instrumentum
1448 3039 1627 3120 publicam,
1657 3060 1713 3104 seu
1740 3041 1902 3105 authenti·

313 3135 524 3200 temnitetibus
539 3135 640 3216 ajuro
662 3137 829 3216 requisitis.
852 3139 985 3200 licentra
1005 3155 1078 3200 vero
1132 3149 1224 3196 cum:
1250 3155 1264 3192 o
1291 3149 1329 3194 ac
1350 3132 1529 3213 frequenter
1550 3135 1619 3198 hnc
1641 3135 1704 3198 dac
1724 3135 1821 3213 accipi
1842 3153 1902 3216 pro

315 3246 373 3308 per
390 3231 624 3293 ninstrumcnta
639 3220 820 3295 authentice
832 3255 848 3292 o
865 3233 1080 3314 intelliguntur
1112 3225 1336 3306 synonymis,
1373 3227 1487 3290 letetur
1520 3227 1614 3293 etism
1647 3227 1711 3290 Pax
1743 3228 1902 3292 terdenus
2021 3269 2022 3274 κ

313 3339 362 3401 ee,
380 3341 450 3403 qne
464 3343 502 3386 ex
516 3341 550 3386 sc
563 3323 657 3387 tidem
672 3326 806 3390 iaciunt:
823 3326 889 3388 sire
903 3345 941 3390 ex
955 3325 1078 3406 opposi-
1131 3321 1209 3382 tom·
1221 3321 1269 3382 ΙΙΙ.
1285 3320 1331 3383 tit·
1347 3319 1383 3383 dc
1396 3319 1661 3386 Fidcimtrammt.
1678 3339 1710 3384 n.
1724 3324 1791 3384 bac
1800 3324 1849 3386 13.
1861 3323 1903 3383 Et
2021 3369 2022 3374 1

312 3417 396 3480 aona
406 3417 495 3498 sigilli
503 3419 684 3495 curionum,
694 3429 768 3500 puta
778 3421 924 3502 episcopt,
936 3422 984 3483 vu
994 3421 1079 3501 pun·
1131 3412 1204 3491 qun
1224 3413 1291 3474 hnc
1308 3414 1431 3478 videtur
1449 3433 1518 3478 esre
1541 3415 1673 3494 iunctio
1695 3416 1736 3478 de
1758 3416 1900 3490 lomna,

314 3510 391 3590 cipis
405 3513 572 3587 saeculen's,
584 3515 633 3575 cui
643 3515 825 3578 creditmde
836 3515 1074 3578 consuetudine:
1132 3521 1193 3566 ⁰⁰1¹
1209 3506 1334 3586 eil}edit
1350 3507 1453 3570 eidem
1466 3507 1582 3570 diutim
1596 3509 1767 3572 imm·

313 3605 378 3666 sire
393 3604 572 3683 ullomodo,
589 3605 631 3668 ita
645 3615 679 3670 nt
692 3607 734 3670 sd
747 3608 794 3670 soi
810 3608 999 3672 validitatem
1013 3627 1076 3670 non
1171 3601 1221 3662 Π·
1243 3599 1296 3662 Ad
1309 3603 1530 3665 immeritvm
1540 3601 1702 3685 Ptffiwmr
1716 3619 1783 3686 W
1795 3602 1900 3665 ΝΜ·
2021 3659 2022 3668 κ

310 3698 486 3778 requiratur
506 3698 593 3762 aliud
613 3701 847 3764 adminiculum.
870 3701 960 3765 Unde
979 3707 1076 3782 patet,
1130 3696 1236 3758 citatas
1259 3696 1472 3780 requiruntur?
1499 3731 1539 3747 ·-·
1564 3698 1718 3769 Queriiur
1743 3699 1792 3760 111·
1821 3699 1899 3770 0¹1³

311 3791 395 3870 quod
418 3789 540 3856 differat
562 3793 647 3858 velut
670 3795 824 3860 excedens
846 3799 879 3860 et
901 3813 1074 3874 excessum,
1130 3790 1342 3854 solemnitates
1368 3793 1566 3871 requirantur
1593 3790 1633 3854 ad
1654 3795 1902 3855 instrumentum
2021 3847 2022 3852 ,

311 3899 367 3946 ssu
381 3891 528 3966 teuqtrnm
543 3889 684 3967 superius
699 3893 731 3952 et
744 3891 872 3952 interius
885 3909 893 3964 ς
908 3898 1001 3971 etque
1015 3890 1075 3952 ins-
1130 3881 1307 3962 publicum?
1317 3884 1410 3966 Resp.
1420 3886 1444 3946 Ι.
1456 3884 1624 3964 Loquendo
1634 3884 1674 3946 de
1686 3885 1896 3956 instrumento

310 3981 502 4040 trumentum
515 3979 675 4060 publicum
690 3985 730 4048 sit
743 3985 836 4047 etiarn
846 3985 1073 4059 authenticum,
1128 3976 1254 4054 publico
1268 3977 1432 4058 specialius
1445 3984 1584 4058 eccepto,
1601 3995 1657 4040 eeu
1670 3995 1766 4040 mauu
1778 3977 1897 4058 publici

310 4070 366 4130 sed
378 4087 443 4132 nou
458 4081 691 4138 econtraomnc
704 4077 916 4140 authenticam
930 4077 968 4140 sit
977 4075 1076 4158 publi·
1128 4069 1240 4132 notarii
1254 4070 1406 4146 coniecto,
1417 4072 1521 4152 plures
1536 4069 1747 4133 solemnitates
1760 4070 1898 4150 dejure,

309 4178 391 4228 cnm.
1128 4161 1177 4224 rel
1196 4164 1433 4239 cousuetudine,
1455 4163 1496 4226 ad
1518 4163 1595 4226 iliud
1617 4163 1826 4244 requiruntur.
1850 4165 1900 4226 lte

349 4259 397 4322 ltt.
422 4259 581 4343 Scriptum
595 4261 761 4325 cattcnticc
775 4263 870 4346 mepte
881 4271 970 4347 patet,
986 4281 1074 4346 pacm
1127 4256 1370 4336 Speculatorcit.
1382 4257 1430 4320 tit.
1444 4255 1752 4322 delmtramcntorum
1760 4255 1897 4319 citimam

307 4347 435 4431 publicu.
464 4387 505 4402 -
531 4355 668 4431 Accedit,
700 4356 783 4437 quod
810 4358 969 4437 scriptore
998 4357 1071 4436 illae,
1125 4352 1187 4430 §l
1202 4371 1236 4412 ιι.
1252 4355 1281 4414 1.
1298 4357 1329 4412 et
1341 4369 1428 4433 seqq.
1445 4351 1550 4413 Abbas
1564 4369 1632 4431 cap·
1650 4367 1672 4426 t,
1687 4368 1721 4412 ss·
1737 4353 1767 4425 ³,
1787 4350 1821 4412 h·
1843 4355 1896 4425 t.;
2021 4349 2022 4430 ἒ

308 4459 379 4522 qum
394 4445 583 4525 originaliter
595 4453 668 4511 sunt
685 4450 823 4528 private,
845 4450 986 4530 pluribus
1006 4469 1073 4513 mo·
1125 4443 1823 4524 MnflsstrdutdtPfflbsst·quaeii·6211i⁰fflffl·¹¹·
1838 4443 1894 4506 ⁸⁰·
2021 4445 2022 4448 Ἴ

307 4535 355 4598 dis
369 4539 488 4616 possint
500 4542 652 4616 roboreri;
666 4543 708 4606 ita
718 4551 751 4606 ut
762 4543 912 4624 recipient
921 4545 1073 4607 authenti·
1115 4540 1158 4626 ¹tt
1171 4555 1279 4617 sequi
1296 4537 1499 4600 Gotarrtlviffl
1512 4535 1614 4598 PM·
1631 4535 1738 4611 Qumi-
1753 4551 1823 4615 ffli-
1838 4552 1893 4598 ¹¹⁴·
2021 4601 2022 4604 .

174 4705 177 4712 ⁴
307 4631 472 4708 nationem,
501 4642 593 4713 etque
620 4637 799 4699 authentice
826 4625 978 4710 eradent,
1006 4638 1072 4718 ple-
1126 4653 1157 4695 u.
1175 4635 1203 4695 1.
1220 4635 1253 4695 et
1265 4650 1352 4712 seqq·
1366 4651 1375 4707 3
1390 4630 1499 4712 Entel·
1515 4631 1547 4694 h·
1563 4635 1586 4692 ἲ·
1603 4633 1678 4692 8601·
1702 4633 1732 4692 ¹·
1754 4631 1790 4690 0¹
1809 4645 1898 4690 Μ·

306 4725 1068 4812 nemqaetidcmiaciantsicutscripturepublica:
1124 4725 1238 4788 munis·
1272 4725 1368 4806 quue
1395 4724 1547 4806 probatur
1573 4721 1763 4798 inductione,
1790 4718 1899 4782 declu-
2021 4749 2022 4754 ¹

306 4825 337 4880 at
357 4827 582 4898 consequenter
600 4825 752 4905 scriptura
772 4823 950 4887 authentice
972 4826 1071 4906 magis
1124 4819 1222 4882 raudo
1237 4819 1376 4898 singulm
1390 4817 1612 4890 solemnitates,
1628 4831 1698 4894 que
1711 4813 1744 4875 in
1755 4811 1897 4876 soedhi-

305 4915 408 4993 petet,
430 4929 523 4991 quam
545 4915 696 4995 scriptum
715 4917 850 4998 publica.
876 4919 1070 4982 Antecedens
1124 4912 1235 4976 bendae
1250 4921 1331 4977 sunt.

303 5003 453 5085 probetur
465 5006 655 5072 inductione.
673 5010 722 5072 Sic
732 5012 815 5073 enim
830 5013 996 5093 scriptura,
1012 5031 1070 5076 cae·
1164 5009 1213 5081 l8,
1247 5012 1295 5085 19,
1323 5011 1363 5071 20
1389 5013 1421 5068 et
1446 5007 1497 5068 nt.
1529 5001 1618 5066 Debet
1643 4997 1719 5064 tuat
1749 4998 1896 5062 mutante

302 5100 447 5180 tercquin
470 5102 606 5180 privata,
634 5119 690 5165 sen
717 5121 779 5165 non
807 5106 947 5170 coniecta
974 5123 1068 5168 manu
1122 5101 1328 5164 invocationem
1341 5099 1436 5164 diuini
1457 5095 1703 5170 ruminiacum
1723 5113 1757 5157 co
1778 5094 1895 5175 appo&

301 5192 418 5272 publici
438 5195 567 5272 notarii,
589 5195 701 5260 dicitur
720 5199 913 5276 anthentica,
932 5201 1068 5282 *quando
1121 5213 1214 5256 annus
1227 5193 1389 5258 Bomtnicoe
1410 5187 1629 5254 ιἰιιιιιιιατὶοιιίι.
1644 5187 1720 5252 Item
1735 5186 1842 5249 ‘amma
1860 5195 1898 5250 ct

302 5283 360 5363 ipsi
388 5288 563 5367 appositum
591 5295 638 5352 est
666 5289 800 5372 sigillum
829 5295 1064 5370 authenticam
1121 5286 1181 5350 dics
1194 5287 1275 5363 anni,
1290 5294 1374 5370 utque
1387 5285 1515 5346 indictio.
1530 5315 1571 5332 -
1585 5281 1623 5344 lu
1640 5280 1739 5362 primo
1758 5279 1889 5361 quidem

300 5381 387 5458 pata,
403 5377 550 5460 episcopi,
566 5380 762 5462 capituli,rel
776 5382 907 5465 alienius
920 5385 1067 5469 principis
1120 5387 1242 5464 oportet
1267 5380 1508 5451 instrumentum
1536 5375 1695 5460 publicum
1726 5373 1889 5438 maducat

299 5467 456 5561 annularis
469 5487 538 5558 cap.
553 5485 586 5536 u.
603 5473 712 5556 juncta
736 5475 842 5542 atussa
869 5479 899 5562 t.
925 5477 1064 5566 Sipitlam
1118 5474 1346 5548 invocationem
1364 5473 1461 5538 divini
1485 5470 1637 5554 nominis,
1659 5487 1715 5554 per
1737 5467 1780 5554 ly,
1810 5469 1886 5532 alu
