4016 6056
267 261 327 325 Μ
452 257 523 322 LlB.
545 257 593 323 111.
617 257 827 322 Datttta'mt.
847 260 918 324 fl'l'.
941 259 979 324 V.
999 259 1051 322 DE
1070 258 1368 324 marmaissa
1387 259 1660 326 cuntramnus

266 393 473 471 nmmtianea,
487 394 538 456 vsl
550 393 653 458 officia
667 394 845 474 hujumodi
859 407 1031 459 coemere-
1083 393 1289 477 ammi.)
1301 414 1340 460 ac
1349 395 1684 478 amorraeorum
1696 398 1851 480 expeditis

265 489 328 551 rint
341 489 393 568 qai
406 507 463 568 per
474 487 659 551 electionem
675 489 806 566 emat,
824 491 935 569 eisque
951 507 1032 554 cara
1082 488 1203 564 littaris,
1218 489 1376 552 indultum
1388 488 1562 552 Pn'rmm
1572 509 1703 572 mn,
1713 493 1762 555 ad
1773 504 1853 573 po·

265 581 426 644 immineat
450 581 642 659 aarum,
667 582 840 644 dummodo
863 583 1048 665 digmtates·
1084 582 1165 644 viam
1180 583 1854 671 ejuspatitinuamaenaedaresoleat;preat

265 674 341 753 ipsae
355 675 388 736 io
401 672 631 738 cathedralibus
645 679 677 736 at
696 674 941 755 metropolitanis
961 680 1031 756 post
1083 681 1169 756 patet
1181 693 1221 738 ex
1234 682 1342 741 tencre
1355 676 1447 742 relati
1455 679 1568 742 intltrlti
1575 683 1855 761 apostolici,ttihil·

265 767 459 846 pontitioales
479 767 629 845 maiores,
653 774 708 830 aut
730 767 900 847 collegiatis
922 769 1031 850 hujua-
1084 769 1205 830 cminas
1228 770 1351 834 ridetur
1371 771 1550 847 uuerden,
1575 775 1660 853 quod
1682 779 1856 856 imperator

204 938 208 948 ,
266 859 549 940 modi-principales
562 879 625 921 aon
640 860 781 938 existant,
794 862 836 923 ed
849 863 1030 926 eorumdem
1084 861 1289 936 nenelactus,
1308 863 1446 940 nomine,
1468 868 1502 927 et
1521 867 1704 932 auctoritate
1724 874 1855 950 aposta·

266 955 447 1018 collatorum
468 959 499 1016 et
514 953 707 1017 collatricnm
724 954 936 1032 collationem,
958 973 1032 1036 pro·
1082 951 1152 1032 lica,
1167 957 1355 1032 patestatem
1369 956 1560 1034 minandi,
1571 975 1629 1024 sen
1641 961 1762 1025 Prima·
1775 963 1856 1026 Pra-

265 1045 426 1124 riaiouem,
448 1046 733 1126 praesentationem,
752 1047 951 1126 samonem
973 1067 1031 1112 sea
1081 1049 1854 1139 madbeueficiavacamraintetpoaaadi,aigare

264 1140 406 1219 mamus
432 1139 526 1202 aliam
550 1139 804 1220 depositionem,
824 1141 1034 1204 communiter
1081 1142 1246 1204 memorati
1261 1141 1372 1228 indulti
1384 1143 1515 1206 concedi
1529 1144 1664 1224 solitam,
1680 1148 1855 1222 statimne

263 1232 313 1297 vel
333 1232 476 1296 muriam
497 1231 723 1312 pertinentibus
745 1233 1030 1314 singulispersouia
1081 1233 1277 1296 concorditer
1289 1234 1408 1298 electus
1422 1235 1490 1312 tait,
1503 1253 1582 1316 erpa
1595 1253 1749 1316 ommam
1764 1240 1853 1302 bene

262 1325 469 1400 ccnsmendis,
491 1341 548 1386 seu
569 1341 665 1404 sopor
687 1325 748 1386 hoo
774 1327 859 1405 quod
885 1345 1028 1407 persouae
1081 1325 1219 1398 meritas,
1234 1343 1380 1388 exercere
1394 1326 1515 1388 valam:
1529 1328 1626 1408 idque
1639 1330 1854 1408 oboogritam

262 1419 441 1499 hujusmodi
461 1417 502 1482 ad
522 1417 574 1480 illa
596 1418 796 1496 recipiantur,
813 1425 845 1480 et
863 1419 1029 1484 admittan-
1081 1417 1306 1496 benignitatem
1335 1437 1532 1482 summorum
1564 1420 1766 1499 Pontifionm,
1794 1427 1852 1504 qai

262 1521 324 1578 tur.
340 1512 451 1576 Preces
465 1513 592 1593 porrigi,
611 1529 668 1574 seu
689 1512 729 1574 de
747 1513 889 1592 personis
909 1515 1028 1578 eisdam
1081 1520 1287 1576 memoratum
1301 1513 1456 1576 indultum
1468 1514 1590 1594 littaris,
1606 1518 1678 1580 etsi
1696 1519 1853 1598 posterius

262 1609 304 1670 ad
322 1607 503 1688 hujusmodi
529 1607 683 1670 beneficia
708 1607 938 1672 nominationes
959 1608 1027 1670 fieri
1081 1605 1173 1678 datis,
1189 1625 1252 1670 non
1264 1607 1447 1672 dubitantur
1459 1610 1659 1685 oouaesaurit
1672 1612 1786 1692 stoque
1802 1631 1856 1674 ra-

263 1701 427 1780 coutigerit
439 1700 617 1776 Palmarias,
633 1701 728 1762 iidem
740 1699 906 1764 enhetores
920 1704 951 1764 at
963 1702 1029 1764 col-
1081 1698 1239 1761 tihabitun'
1253 1700 1481 1762 nominationes
1495 1701 1535 1762 ad
1548 1703 1701 1766 beemots
1715 1705 1855 1768 auctori-

261 1796 384 1858 latrr'css
403 1796 512 1874 (salva
528 1793 613 1873 quod
631 1792 762 1872 singulae
782 1789 977 1868 collabcne's,
996 1800 1029 1858 st
1081 1796 1143 1854 tate
1158 1791 1295 1870 ipsoram
1309 1792 1373 1870 jam
1386 1796 1480 1856 antas
1494 1793 1619 1857 iactas:
1643 1813 1718 1858 nam
1739 1817 1757 1854 a
1775 1797 1854 1858 ram'-

260 1889 390 1970 m'ugnla
403 1889 555 1962 cocleam,
569 1905 609 1950 ex
622 1887 685 1949 hoc
698 1885 790 1963 ultra,
806 1903 900 1966 quam
913 1888 947 1950 iu
964 1906 1027 1950 uun
1081 1883 1272 1966 habitionem
1293 1883 1470 1959 retrotrahi,
1491 1890 1524 1948 et
1544 1887 1694 1951 mandato
1715 1905 1780 1952 uon
1803 1897 1854 1952 ast

259 1983 412 2046 benafimo
429 2000 493 2044 non
516 1987 703 2064 pravenhu3
723 1997 764 2040 ac
785 1980 844 2060 ipsi
864 1981 1028 2044 collatores
1081 1977 1211 2040 dubium
1225 1977 1411 2057 comparari.
1426 2001 1441 2037 ιι
1456 1979 1757 2062 juxtnreg.10.jur.
1775 1985 1849 2046 inti.

260 2073 601 2140 attollatriceasaltem
615 2075 749 2152 quatuor
762 2071 914 2134 beneficia
933 2075 1034 2136 eccle·
1080 2071 1125 2132 lta
1151 2069 1302 2132 Henricus
1330 2071 1527 2150 Wagnereck
1555 2072 1609 2136 ubi
1635 2075 1792 2155 supra,§
1820 2079 1852 2150 l,

261 2169 384 2232 siastica
398 2168 540 2232 conferre
558 2167 706 2246 habeant)
726 2165 906 2245 hujusmodi
924 2167 1029 2230 Praei
1082 2166 1113 2240 5.
1137 2163 1263 2240 Oaoerea.
1279 2169 1311 2226 et
1330 2181 1430 2244 aeota
1455 2165 1596 2247 Pirhing,
1616 2167 1648 2232 h.
1670 2175 1695 2232 t.
1717 2187 1750 2232 u.
1774 2173 1849 2232 371.

260 2263 331 2338 bus,
346 2265 379 2324 et
392 2257 1027 2337 uernlnatinuibusparereintendere,uec
1080 2257 1178 2336 Engel
1192 2255 1263 2319 eod.
1279 2275 1310 2320 u.
1327 2259 1376 2320 70.
1393 2257 1426 2320 in
1439 2257 1493 2320 lin.
1511 2259 1563 2338 qui
1583 2259 1625 2322 ad
1645 2261 1730 2323 istud
1748 2261 1855 2324 addu-

260 2373 324 2418 uon
337 2372 488 2436 personas
501 2353 585 2434 ipsas
601 2350 644 2413 ad
664 2351 844 2432 hujusmodi
864 2352 1025 2426 beneficia,
1081 2355 1155 2412 cunt
1175 2365 1285 2412 reeens
1309 2349 1484 2428 exemplum
1506 2350 1695 2414 Fordinandi
1715 2353 1767 2418 1v.
1784 2358 1854 2416 Au-

259 2455 425 2527 pnstquam
452 2447 527 2526 ipsis
548 2444 588 2506 de
611 2445 671 2506 illis
695 2444 845 2507 canonice
868 2446 1027 2525 provisum
1080 2449 1179 2522 gusta
1193 2441 1424 2504 vindelicorum
1444 2449 1514 2522 post
1535 2443 1719 2506 &ctionem
1743 2465 1849 2522 suam,

259 2541 363 2620 marii,
375 2542 465 2622 juxta
485 2539 667 2604 earumdem
687 2538 830 2616 Pronum,
853 2543 908 2602 aut
926 2541 1028 2602 nomi-
1079 2535 1205 2596 nemiuc
1219 2535 1427 2614 improbante,
1442 2535 1487 2597 sic
1500 2538 1701 2616 practicantis
1716 2559 1724 2600 :
1740 2557 1853 2618 quam·

259 2634 418 2697 nahcnum
433 2642 575 2696 tenorem
588 2632 737 2710 recipere,
754 2637 785 2692 et
800 2632 964 2696 admittere
974 2633 1027 2694 de
1079 2629 1126 2690 vis
1138 2629 1229 2692 loen.
1245 2628 1380 2692 Chokier
1399 2629 1434 2690 iu
1452 2627 1576 2692 Scholiia
1589 2629 1625 2694 de
1637 2631 1751 2703 Primis
1776 2631 1853 2694 Pre-

259 2727 355 2791 beant
368 2733 400 2791 et
413 2727 507 2791 etlam
521 2732 697 2790 teneantur.
713 2727 757 2788 lta
772 2725 856 2804 quod
869 2727 1025 2790 tlelsitudo
1079 2719 1168 2796 cibit,
1185 2726 1259 2785 teci·
1274 2726 1306 2798 2,
1322 2725 1433 2800 tumst·
1451 2725 1498 2800 12,
1522 2721 1561 2783 de
1581 2723 1641 2786 hoc
1655 2723 1791 2804 dubitet,
1807 2725 1855 2786 is·

259 2821 327 2884 'lhm
337 2837 434 2882 uuam
449 2825 480 2882 et
493 2817 636 2880 eamdem
650 2833 816 2894 personam
828 2835 925 2900 supra
937 2818 1026 2881 dictis
1079 2813 1206 2891 tamque
1221 2814 1425 2894 questionem
1439 2815 1596 2896 relinquat
1609 2815 1794 2880 indecisam·

260 2912 468 2986 collatoribus,
483 2917 514 2975 et
528 2909 747 2984 collatricibus,
763 2911 867 2985 simul,
886 2911 936 2974 vel
955 2930 1025 2974 sue·
1119 2909 1189 2970 575.
1212 2905 1263 2970 Ad
1275 2927 1342 2990 quse
1356 2907 1490 2990 beneficio
1503 2909 1595 2990 possit
1609 2910 1771 2992 absperctor
1787 2912 1855 2994 pri-

260 3006 378 3070 cessivs
405 3006 565 3066 nominare
593 3003 702 3086 possit.
724 3005 770 3066 lta
794 3006 911 3084 tamen,
943 3003 1027 3084 quod
1081 3018 1143 3062 mor
1167 3019 1265 3080 precra
1290 2999 1463 3086 preripere?
1488 3035 1527 3050 -
1554 3003 1709 3074 Quaeritur
1729 3005 1856 3070 771.Αά

260 3099 489 3180 quamprimum
498 3114 631 3178 persona
645 3095 690 3160 sic
702 3095 863 3160 nominata
872 3097 912 3158 de
922 3095 1027 3177 aliquo
1081 3109 1150 3171 quae
1165 3091 1318 3154 beneficia
1331 3091 1444 3156 virtute
1458 3093 1569 3158 indulti
1581 3097 1744 3176 apostolici
1752 3099 1856 3178 possit

259 3193 410 3258 brachma
423 3190 547 3272 provisa
559 3189 730 3268 lueritejus
740 3189 912 3252 nominatio
923 3190 1027 3269 quoad
1081 3185 1250 3266 imperator
1262 3185 1459 3250 neo-electus
1472 3185 1591 3250 Ρήιιιαι
1604 3188 1720 3266 Preces,
1731 3210 1788 3255 sen
1798 3211 1855 3254 no

259 3289 337 3352 ulios
363 3286 538 3358 collatores,
566 3281 616 3344 vel
642 3281 816 3344 collatrices
842 3281 935 3356 iacta,
960 3283 1026 3362 ipso
1080 3277 1267 3342 miuafiones
1277 3279 1557 3362 porrigeretliesp.
1570 3283 1593 3342 l.
1602 3281 1724 3346 Virtute
1733 3304 1855 3346 memo-

255 3380 328 3461 jnre
342 3379 479 3458 expiret;
496 3383 527 3440 et
539 3376 645 3457 quom
659 3373 786 3438 easdem
800 3375 923 3452 Preces,
935 3395 1027 3440 oann-
1080 3372 1138 3436 rati
1166 3371 1275 3436 induiti
1303 3372 1464 3453 apostolici
1492 3378 1595 3455 potest
1622 3376 1794 3457 imperator
1820 3379 1853 3438 in

260 3475 396 3536 uicatum
418 3476 451 3538 et
472 3470 684 3552 probandam,
703 3487 741 3532 ac
761 3469 954 3548 dignitatem,
970 3489 1028 3534 seu
1081 3465 1225 3527 omnibus
1240 3465 1391 3542 ecclesiis,
1408 3465 1488 3528 intra
1502 3466 1581 3528 fines
1597 3468 1667 3530 Sac.
1687 3469 1776 3530 Rom.
1797 3469 1855 3532 im-

260 3569 472 3646 pomaretum,
487 3564 798 3640 administrationem,
818 3567 867 3628 vel
891 3566 1025 3630 officium
1080 3558 1168 3637 perii,
1184 3565 1278 3638 prout
1297 3577 1380 3622 nunc
1401 3564 1460 3633 ast,
1481 3559 1733 3636 consistentibus,
1756 3563 1854 3625 etiam

259 3661 293 3724 in
307 3677 369 3724 nna
380 3659 515 3722 ecclesia
528 3676 586 3738 pro
601 3659 693 3720 unico
706 3659 857 3724 duntaxat
874 3660 1025 3723 beneficio
1079 3654 1338 3736 metropolitanis,
1353 3653 1598 3734 cathedralibus,
1618 3655 1804 3739 collegiatis,
1821 3661 1857 3722 et

259 3753 432 3834 computari
451 3750 568 3814 debera
594 3750 800 3831 declaramus,
825 3775 840 3813 ιι
868 3757 927 3816 etc.
952 3753 1026 3814 Haec
1080 3747 1319 3830 quibuscunque
1342 3749 1423 3826 aliis,
1438 3749 1558 3812 Primos
1580 3749 1697 3828 Preces,
1718 3769 1777 3814 ssu
1798 3769 1857 3813 no·

259 3847 336 3910 ibi:
370 3843 569 3910 concedendo
595 3846 795 3924 postmodum
821 3847 924 3910 eidem
950 3866 1027 3910 nec·
1080 3841 1266 3906 miratores
1291 3843 1330 3904 de
1358 3842 1502 3922 personis
1528 3841 1650 3906 idoneis
1676 3845 1854 3924 porrigere,

259 3939 358 4004 alecto
372 3937 551 4018 imperatori
564 3941 751 4016 potestatem
765 3937 934 4020 deputandi
957 3956 1027 4000 exe·
1080 3954 1159 4016 quas
1192 3935 1342 3998 ordinarii
1370 3935 1551 4012 collatores,
1579 3937 1629 3999 vel
1664 3937 1854 4018 consumes,

260 4039 394 4111 comtes,
409 4031 848 4112 qoiauctoritateapostolioa,
864 4031 1028 4111 etiamper
1080 4034 1248 4110 postquam
1268 4030 1327 4092 illis
1348 4029 1393 4092 sie
1415 4029 1575 4110 provisum
1598 4029 1703 4107 fuerit,
1723 4033 1854 4093 omuino

260 4143 407 4190 camuros
434 4122 676 4196 ecclesiasticas,
701 4124 886 4202 compellere
908 4123 1027 4204 possint
1081 4124 1232 4204 recipere,
1247 4130 1343 4205 atque
1358 4123 1534 4191 nominatos
1547 4124 1589 4186 ad
1602 4126 1742 4188 vacanh'a
1757 4125 1856 4186 bane-

261 4216 434 4280 orrlinarios
449 4214 624 4292 collatores,
640 4213 688 4276 vel
702 4213 884 4288 collahices,
901 4216 942 4276 sd
955 4233 1028 4278 exe-
1081 4215 1152 4278 ficia
1166 4216 1330 4279 admittere
1344 4221 1492 4280 tenentur
1507 4234 1514 4276 :
1531 4215 1575 4279 ita
1590 4223 1704 4292 tamen,
1720 4217 1754 4278 ut
1769 4215 1855 4278 idem

260 4309 417 4372 cntionem
430 4308 582 4370 dictarum
590 4305 763 4368 Pn'ntorom
773 4306 918 4371 Prsrcm:
933 4310 1028 4370 uNon
1082 4311 1221 4386 collator,
1238 4328 1294 4373 seu
1308 4309 1449 4373 collatrix
1468 4327 1532 4371 non
1554 4309 1614 4372 uisi
1632 4311 1740 4386 semel,
1756 4305 1855 4370 idest

261 4402 455 4468 obstantibus
478 4399 755 4480 quibuscunque»
775 4407 834 4463 ata.
857 4401 915 4464 Pro
938 4402 1027 4484 cujus
1082 4421 1138 4482 pro
1166 4401 1260 4464 unico
1285 4407 1407 4464 tautum
1434 4401 1599 4478 beneficio,
1622 4409 1780 4484 gravetur.
1807 4403 1855 4464 lta

261 4494 371 4574 indulti
386 4493 544 4574 apostolici
558 4491 677 4556 meliori
688 4492 907 4575 intelligentia.
1082 4502 1238 4570 auctores,
1253 4495 1306 4576 qui
1320 4514 1433 4576 supra;
1451 4499 1483 4558 ct
1495 4501 1604 4576 palent
1618 4495 1738 4578 singula
1752 4513 1790 4559 ex
1804 4501 1854 4558 te-

300 4593 370 4652 5'll.
386 4587 436 4652 Aa
449 4588 607 4669 imperator
620 4587 788 4650 ιιιο-ιὶειιιιι
806 4589 898 4670 partit
918 4587 1026 4664 rodens,
1081 4607 1158 4650 nore
1173 4587 1282 4651 indulti
1296 4587 1456 4668 apostolici
1471 4588 1611 4668 proxima
1624 4587 1724 4651 relati.

261 4682 307 4746 ati
318 4689 385 4746 ano
398 4681 633 4764 approbationem
646 4679 763 4762 Papo?
775 4682 959 4764 Approbctio
973 4683 1030 4744 im·
1122 4685 1191 4746 576.
1214 4681 1289 4743 lator
1305 4681 1396 4744 solam
1413 4689 1505 4765 potest
1520 4681 1674 4764 porrigere
1687 4679 1717 4741 ia
1729 4677 1852 4742 arla&

260 4774 405 4859 pecare
418 4771 566 4836 merleti
576 4781 685 4855 spectat
697 4772 737 4836 od
748 4774 875 4855 Papam.
888 4805 926 4822 —
940 4776 1028 4847 Ouae·
1083 4775 1163 4838 intra
1177 4774 1249 4858 fiaes
1262 4793 1319 4838 aaa.
1336 4781 1416 4840 rom.
1439 4776 1568 4858 imperii,
1587 4785 1679 4858 prosc
1700 4794 1773 4836 naec
1794 4783 1851 4850 est,

262 4868 340 4931 ritur
362 4869 398 4930 ll.
422 4867 533 4930 Utrum
554 4866 750 4930 neo-electus
775 4868 943 4948 imperator
961 4869 1029 4949 J'am
1082 4869 1277 4932 existentibus.
1294 4901 1333 4921 -
1351 4869 1468 4934 Dicitur
1486 4871 1643 4946 notanter,
1668 4869 1733 4930 rin
1753 4869 1852 4930 omni-

263 4963 337 5026 ante
351 4959 607 5040 approbationem
623 4958 724 5040 Papae,
740 4961 837 5041 possit
851 4962 894 5024 uli
908 4961 1028 5025 indulto
1083 4964 1142 5026 bus
1155 4963 1301 5026 Ecclesiis
1315 4963 1397 5028 intra
1415 4963 1495 5026 fines
1516 4963 1589 5026 Sao.
1607 4965 1696 5026 Rom.
1716 4961 1849 5042 imperii,

263 5054 481 5134 interponendi
498 5053 616 5116 remos
635 5071 733 5134 preco
755 5072 811 5134 pro
833 5056 1028 5118 assecutione
1083 5060 1178 5136 prout
1199 5073 1282 5118 nunc
1306 5061 1364 5132 est,
1380 5057 1629 5120 existentibus.»
1654 5055 1729 5128 Quia
1749 5051 1852 5115 indul-

263 5144 615 5224 heneiiciorumiltesp.
631 5146 694 5208 Etsi
712 5149 871 5208 Romanus
889 5147 1029 5210 Pontifex
1085 5160 1151 5213 tum
1175 5149 1251 5213 illud
1275 5150 1453 5232 porrigendi
1476 5151 1596 5214 Primos
1618 5169 1713 5234 prosas
1734 5147 1849 5208 sclum-

263 5254 328 5302 ucn
356 5235 416 5320 nisi
442 5237 558 5316 praela
585 5237 809 5320 approbatione
836 5239 1031 5321 imperatoria
1085 5241 1179 5304 modo
1198 5240 1381 5304 conceditur
1400 5241 1578 5324 imperatori
1601 5259 1657 5322 per
1678 5242 1845 5302 Romanum

266 5329 432 5392 neo-alecti
447 5329 528 5408 (que
542 5330 583 5391 ad
597 5331 713 5412 Papam
727 5330 767 5393 de
777 5332 847 5410 jure
857 5336 988 5413 spectat.
1000 5353 1028 5399 c.
1085 5335 1264 5416 Imperium,
1279 5340 1373 5416 prout
1387 5352 1470 5418 nunc
1492 5342 1538 5398 est
1556 5353 1563 5395 :
1586 5351 1650 5396 uon
1670 5337 1770 5396 autem
1787 5345 1842 5409 pro

272 5419 541 5488 Veratianae.
564 5422 599 5486 de
618 5423 764 5490 Kartha.
779 5427 811 5488 et
830 5425 927 5504 tilam.
948 5429 976 5490 l.
997 5425 1033 5490 de
1086 5427 1264 5508 provinciis,
1280 5435 1312 5490 et
1324 5425 1838 5512 regnisohmadidpeuiuenatus»
