4064 6062
280 229 338 292 168
592 239 664 300 LlB.
686 240 723 301 ll.
746 237 955 299 nudarunt.
977 238 1047 300 ΤΙΤ.
1070 237 1173 300 xxw.
1195 239 1246 300 Dll
1266 236 1546 302 inseruerunt).
1579 285 1585 300 .

280 391 350 435 uere
362 371 449 434 etium
462 390 500 432 ee
513 370 624 432 uirtute
642 370 791 453 religionis
801 391 815 450 ;
833 371 908 434 aiios
926 377 1047 451 reputo·
1100 372 1293 452 promiserat.
1315 369 1447 433 Inlertnr
1465 369 1551 432 disco
1574 371 1733 452 propheta
1758 375 1866 453 eaput,

281 473 364 528 retur
375 464 527 546 perjuria.
543 463 676 526 Ecclesia
685 463 866 546 nonjudicari
875 463 909 526 de
919 464 1046 526 occultis.
1102 471 1133 526 et
1145 465 1206 526 hoc
1220 465 1404 526 aestimatum
1420 469 1466 526 est
1479 463 1552 526 fidei
1567 483 1647 539 esse,
1664 465 1748 546 quod
1757 483 1869 528 amen·

282 558 480 618 -Notanter
492 560 597 616 tamen
612 554 662 616 hic
677 556 800 631 dicitur,
816 576 831 613 n
841 556 949 618 saltem
960 573 1048 634 spec·
1104 559 1153 620 tiae
1167 557 1234 620 tuit.
1250 579 1264 616 n
1284 559 1358 619 Haec
1372 557 1424 622 ibi.
1437 558 1553 630 Quibus
1567 545 1654 639 pluri
1676 559 1788 622 similia
1811 561 1871 622 ha·

283 655 347 712 tato
361 648 429 710 iero
442 648 649 710 conscientiae.
667 671 681 708 n
701 649 858 728 Siquidem
872 649 905 710 in
919 649 985 710 foro
1000 667 1051 710 ex·
1103 652 1216 714 bantur
1228 671 1297 715 ean.
1314 651 1615 732 sipontinensem.
1630 652 1689 716 Eat
1709 655 1808 716 etium.
1831 671 1871 716 ae

283 749 373 808 terno
402 749 565 822 cogeretur
594 741 662 804 talia
688 760 811 804 servare
837 743 1051 821 juramentum
1105 762 1192 823 seqq.
1209 743 1279 806 ead.
1294 762 1381 806 caus.
1398 749 1447 808 74.
1464 764 1495 824 q.
1511 749 1541 809 4.

282 837 371 915 juxta
385 851 495 894 uerum
509 850 635 894 sensum
649 832 826 907 verborum,
843 839 935 912 atque
948 832 1050 894 inten-
1143 841 1193 899 74.
1215 834 1418 900 duramentum
1431 835 1749 910 narrabantque
1768 837 1873 900 illicito

286 929 404 992 tionem
417 925 615 1004 accipientis:
633 927 703 989 etsi
724 927 830 996 dolose
848 927 958 1006 jurans
976 925 1053 988 illud
1104 939 1235 996 censetur
1247 929 1334 1010 illud,
1354 931 1432 1012 quod
1451 933 1565 994 seruari
1580 951 1637 994 non
1650 938 1748 1014 potest
1765 931 1875 1014 udaque

286 1041 350 1083 non
374 1039 515 1097 servare,
544 1023 724 1082 censeretur
750 1037 844 1101 agere
866 1017 929 1079 non
952 1019 1053 1079 solnm
1105 1032 1220 1106 peccato
1233 1023 1363 1101 mortali,
1378 1021 1698 1086 uelamenti-Porro
1713 1023 1874 1103 juramen-

288 1121 395 1178 eontra
405 1112 558 1193 justitiam
576 1111 694 1174 ratione
715 1111 819 1174 damni
840 1111 955 1191 injusta
977 1109 1051 1182 dati,
1106 1121 1174 1179 tum
1188 1116 1228 1177 do
1241 1135 1276 1177 re
1290 1115 1464 1191 inhonesta,
1483 1117 1566 1196 turpi
1590 1135 1645 1178 sau
1668 1117 1784 1192 illicita,
1809 1135 1875 1178 non

289 1208 452 1270 sedetiam
466 1213 574 1269 eontra
594 1205 739 1268 virtutem
759 1205 927 1287 religionis,
948 1204 1053 1283 sicque
1108 1210 1207 1272 solum
1230 1217 1372 1272 censetur
1393 1209 1478 1286 illud,
1502 1211 1586 1289 quod
1606 1212 1723 1290 absque
1745 1217 1873 1290 peccato

289 1305 487 1381 reputaretur
500 1301 654 1380 perjurus.
671 1300 749 1360 Nam
767 1299 904 1361 Ecclesia
920 1317 984 1361 non
1003 1298 1052 1377 ju·
1107 1302 1230 1364 mortali
1244 1303 1360 1368 servari
1373 1321 1436 1365 non
1451 1305 1567 1384 potest.
1588 1303 1692 1383 sieque
1711 1302 1875 1365 uerissime

290 1393 373 1456 dicat
386 1394 426 1456 de
440 1393 579 1472 occultis,
602 1411 672 1454 can.
694 1390 887 1454 Erubescont.
909 1391 979 1452 dist.
1002 1393 1052 1453 32.
1108 1396 1207 1476 uergit
1225 1415 1240 1454 n
1254 1395 1286 1456 in
1300 1394 1460 1459 interitum
1474 1395 1582 1458 salutis
1597 1403 1732 1471 aeternae,
1750 1419 1765 1456 n
1784 1403 1820 1457 ut
1834 1396 1879 1457 lo-

287 1487 395 1567 junota
423 1486 531 1548 Gloasa
558 1487 589 1562 l.
618 1485 835 1562 Senatorum
860 1503 897 1546 ac
924 1485 1056 1565 proinde
1109 1487 1214 1567 quitur
1226 1491 1329 1550 textus
1344 1505 1372 1550 e.
1389 1486 1429 1551 Si
1440 1506 1516 1550 vero.
1532 1492 1562 1551 8.
1579 1489 1611 1550 h.
1634 1491 1657 1552 t.
1682 1487 1744 1551 Sed
1765 1489 1874 1560 etiam,

291 1583 450 1653 censeret,
473 1579 687 1658 juramentum
710 1578 805 1640 luisse
828 1579 997 1653 veraciter,
1026 1585 1055 1639 et
1109 1581 1194 1659 quod
1208 1579 1322 1642 servari
1337 1580 1446 1661 nequit
1458 1580 1575 1662 absque
1589 1589 1716 1662 peceato
1735 1581 1873 1644 uenmli:

291 1673 395 1737 debite
416 1690 488 1734 cum
510 1671 680 1734 intentione
703 1673 877 1752 prolatum:
903 1669 1056 1751 siquidem
1109 1673 1183 1754 quia
1197 1673 1291 1735 etiam
1305 1673 1396 1753 istud,
1419 1677 1525 1754 utpote
1540 1676 1701 1738 continens
1721 1675 1877 1737 offensam

295 1765 471 1828 ohumanas
485 1783 577 1827 aures
590 1767 685 1828 verba
699 1773 803 1830 nostre
817 1768 890 1830 talia
901 1765 1054 1847 judicant,
1109 1768 1183 1828 boni
1197 1767 1324 1842 infiniti,
1341 1785 1357 1828 ‹
1380 1767 1480 1849 vergit
1498 1767 1531 1829 in
1550 1768 1745 1848 dispendium
1767 1767 1877 1830 salutis

293 1859 397 1939 qualia
409 1859 483 1920 loris
497 1866 627 1922 sonant:
644 1859 747 1921 divina
766 1879 840 1922 uero
859 1859 987 1939 judicie,
1007 1862 1055 1920 ta-
1110 1865 1234 1924 arternae
1247 1881 1255 1936 ;
1270 1883 1285 1920 n
1303 1862 1365 1924 imo
1381 1866 1413 1925 et
1427 1862 1598 1925 successive
1613 1862 1749 1941 disponit
1761 1861 1879 1942 adlap-

291 1953 333 2016 lia
348 1971 384 2014 ea
407 1951 548 2026 audiunt,
573 1951 679 2032 qualia
701 1971 740 2015 ax
757 1952 871 2014 intimis
892 1952 1056 2032 proterun·
1110 1973 1179 2017 snm
1203 1956 1234 2016 in
1258 1956 1419 2038 graviora,
1440 1956 1529 2036 juxta
1556 1953 1638 2016 illud
1656 1953 1858 2018 Ecclesiastioi
1868 1999 1876 2032 ,

291 2053 352 2121 tur,
369 2069 383 2105 n
401 2051 436 2107 nt
448 2045 585 2124 loquitur
600 2046 631 2108 S.
647 2046 825 2127 Gregorius,
847 2047 962 2109 relatus
986 2064 1055 2108 can.
1109 2068 1172 2125 ιιι,
1189 2052 1217 2112 l.
1234 2051 1293 2127 Oui
1310 2049 1422 2132 apernit
1439 2048 1564 2129 modico,
1583 2049 1727 2132 paulatim
1750 2047 1875 2111 decidet.

292 2138 441 2202 Humana
454 2155 550 2202 aurea.
566 2141 615 2201 22.
632 2157 663 2218 q.
679 2141 710 2200 5.
1109 2143 1243 2205 Proinde
1271 2145 1481 2223 juramentum
1513 2143 1551 2204 de
1578 2141 1719 2204 iaciendo
1746 2147 1878 2224 peccato

287 2283 290 2292 .
332 2239 382 2298 72.
404 2233 545 2314 Altaqons
565 2233 720 2315 proprium
743 2234 974 2317 turpitudinen,
1000 2251 1058 2294 uon
1111 2237 1239 2311 veniali,
1261 2237 1355 2300 ueluti
1380 2227 1395 2294 i
1416 2254 1547 2316 vergens
1570 2235 1601 2297 in
1623 2242 1747 2298 aeternre
1768 2235 1879 2296 salutis

293 2327 435 2406 ouditur;
449 2337 476 2390 et
490 2325 821 2409 quomodot-Neque
836 2329 920 2391 enim
934 2329 1059 2408 prodes·
1112 2329 1318 2410 dispendium,
1334 2348 1349 2390 r
1368 2348 1430 2392 non
1445 2329 1571 2410 obligat,
1587 2348 1613 2391 o.
1632 2327 1877 2409 Cumcontingot.

184 2439 187 2448 ’
252 2499 255 2504 ¹
295 2424 352 2499 set,
369 2421 395 2484 si
413 2421 484 2483 ficte
502 2422 612 2502 jurans
632 2423 740 2501 postea
761 2423 840 2484 ultro
861 2421 1059 2485 confiteretur
1112 2428 1161 2488 78.
1185 2424 1218 2486 h.
1242 2429 1266 2486 t.
1291 2431 1322 2486 et
1344 2442 1371 2485 c.
1399 2423 1535 2500 Quamvis
1554 2429 1683 2505 pactum.
1714 2419 1751 2483 de
1777 2419 1881 2481 Poetis
2011 2447 2012 2504 ι

294 2514 451 2578 delectum
465 2513 667 2575 suaeinternae
677 2512 867 2591 intentionis,
880 2532 973 2594 quem
983 2517 1060 2576 tem·
1113 2518 1144 2579 in
1158 2521 1188 2580 6.
1204 2534 1241 2578 aa
1254 2523 1342 2578 notat
1355 2513 1462 2578 Glossa
1480 2517 1513 2577 in
1533 2535 1601 2580 can.
1625 2511 1665 2577 'Si
1678 2513 1802 2596 aliquid.
1827 2517 1879 2576 22.
2011 2511 2012 2550 l

295 2607 510 2689 porepraestiti
526 2608 659 2670 exterius
669 2607 838 2687 juramenti
858 2607 986 2670 interius
1007 2607 1060 2668 ba-.
1114 2628 1145 2690 q.
1160 2613 1190 2671 4.
1207 2613 1238 2689 j.
1255 2606 1411 2692 Pejorcm:
1426 2627 1463 2671 ea
1476 2608 1581 2671 addita
1595 2609 1726 2681 ratione,
1743 2607 1817 2688 quia
1828 2607 1882 2686 jn·
2011 2585 2012 2642 3

295 2701 371 2766 buit.
388 2701 467 2763 Nam
487 2700 624 2781 allegans
644 2700 800 2784 propriam
823 2699 1057 2782 turpitudinem,
1114 2720 1187 2764 raus
1201 2719 1234 2764 se
1247 2709 1451 2782 peccaturum
1470 2701 1640 2779 venialiter,
1663 2701 1688 2761 si
1712 2701 1772 2762 tale
1792 2701 1881 2782 jura-

296 2814 360 2858 non
372 2793 517 2856 auditur:
534 2795 645 2856 saltem
666 2811 729 2857 non
749 2793 790 2854 ad
811 2812 903 2855 auum
924 2811 1061 2854 commo·
1115 2799 1254 2858 mentum
1270 2795 1464 2876 adimpleret,
1477 2794 1797 2874 adjiceretpeoeatum
1810 2812 1882 2875 peo-

296 2889 383 2965 dum,
399 2886 478 2948 bene
492 2889 597 2948 tamen
616 2885 657 2948 ad
677 2903 769 2946 snum
791 2885 1016 2967 prejudicium,
1038 2885 1058 2948 l.
1115 2895 1195 2951 cato.
1217 2890 1307 2952 ioan.
1333 2887 1474 2951 Andreas
1497 2907 1523 2950 o.
1550 2887 1697 2963 Quamuis.
1722 2905 1754 2949 n.
1784 2889 1815 2949 3.
1846 2885 1883 2948 de

216 3053 217 3056 Ἴ
298 2979 511 3046 Transactione.
524 2980 633 3060 juncta
654 2980 761 3043 Glossa
785 2983 817 3043 et
839 2982 961 3043 Bartolo
984 2979 1058 3042 ibid.
1115 2981 1216 3044 Poctis
1238 2983 1270 3042 in
1292 2982 1338 3054 6;
1367 2983 1506 3043 Sanohez
1532 2980 1587 3042 lib.
1610 2983 1659 3043 lll.
1685 2981 1717 3042 in
1740 2979 1879 3063 Decaiop.

298 3093 324 3138 o.
340 3074 376 3137 de
392 3071 617 3134 lionauctionid.
1115 3093 1183 3154 cap.
1200 3091 1240 3136 ιι.
1258 3093 1288 3136 n.
1305 3077 1343 3137 29
1356 3094 1364 3148 ;
1379 3067 1554 3136 Fachineua
1563 3071 1619 3134 lib.
1631 3075 1681 3136 lll.
1694 3071 1882 3136 Controucra.

336 3170 387 3229 73.
408 3165 615 3227 duramentum
629 3163 663 3227 de
677 3163 877 3251 rciadonestq,
889 3184 937 3228 acu
947 3166 1059 3246 illicita,
1114 3169 1177 3252 jur.
1193 3186 1262 3249 cap.
1278 3186 1367 3232 ιιιιι.
1384 3186 1464 3230 vers.
1480 3165 1656 3250 Respondeo,
1673 3173 1704 3229 et
1717 3167 1780 3230 alii.

298 3281 354 3324 non
367 3259 486 3342 obligat.
501 3259 707 3320 duramentum
721 3268 833 3320 nonest
846 3258 991 3322 vinculum
1006 3262 1064 3324 ini·
1155 3269 1206 3326 76.
1228 3261 1887 3344 Etiomjnrurneatumtemerarium,rcuquod
2011 3251 2012 3278 ¹

299 3354 430 3438 quitata.
439 3355 575 3433 -ltesp
590 3355 627 3416 Il.
643 3354 861 3416 duramentum
874 3352 913 3415 dc
927 3373 962 3416 re
976 3355 1064 3418 inho·
1116 3357 1297 3420 cananum
1310 3364 1440 3439 regnet
1452 3355 1483 3416 in
1493 3354 1625 3436 pejorem
1643 3363 1769 3435 parem,
1789 3353 1886 3417 odser·
2011 3351 2012 3360 ’

299 3455 399 3523 nesta,
424 3447 505 3528 turpi
528 3465 584 3508 seu
606 3446 709 3510 illicita
732 3445 920 3526 presulum,
945 3449 1064 3512 nullam
1117 3452 1186 3514 uum
1197 3471 1253 3513 non
1266 3451 1356 3514 debet.
1369 3447 1774 3534 ldqnedeclorotureccmpb
1783 3448 1884 3510 Bouid

300 3541 418 3606 inducit
432 3538 665 3619 obligationem.
680 3539 911 3602 ltaoommunis
925 3533 1064 3602 omnium
1117 3545 1205 3626 regis.
1221 3577 1262 3594 -
1279 3543 1452 3626 Ampliatur
1472 3544 1540 3606 haee
1555 3537 1717 3605 'conclusio
1739 3543 1779 3604 ad
1797 3543 1885 3622 jura.
2011 3533 2012 3556 ¹

301 3643 367 3700 rum
380 3632 607 3713 theologorum,
622 3637 689 3693 tum
709 3631 950 3708 canonistarum,
972 3641 1064 3715 atque
1118 3642 1259 3702 mentum
1272 3638 1483 3710 temerarium,
1505 3655 1561 3698 seu
1581 3635 1735 3698 incautius
1754 3635 1882 3713 lactum,
2011 3617 2012 3688 l

298 3729 491 3809 juristarum.
516 3725 674 3810 Siquidem
701 3748 716 3786 a
739 3725 772 3786 in
795 3727 884 3790 melis
907 3729 1066 3810 promissis
1119 3731 1264 3794 videlieet
1284 3731 1482 3792 observatum
1510 3732 1654 3808 vergeret
1683 3729 1715 3788 in
1745 3729 1885 3808 pejorem

301 3821 395 3883 fidem
407 3838 472 3882 non
486 3820 610 3903 expedit
624 3820 793 3897 observari,
809 3843 824 3879 u
840 3822 928 3902 juxta
937 3839 1003 3901 reg.
1015 3824 1064 3886 69.
1120 3831 1262 3906 partem,
1292 3825 1396 3904 sicque
1424 3823 1464 3885 ad
1491 3825 1538 3886 sui
1570 3821 1800 3884 observantiam
1822 3840 1884 3883 non
2011 3859 2012 3890 ,

299 3919 363 3998 jur.
378 3916 411 3977 in
424 3919 455 3979 6.
467 3916 576 3996 junoto
591 3934 659 3994 cap.
674 3915 730 3978 ult.
741 3915 894 3978 dePoctat.
907 3916 1067 3998 Simulque
1121 3920 1256 4001 obligat:
1273 3925 1308 3980 ut
1321 3937 1389 3981 can.
1405 3917 1445 3981 Si
1456 3915 1583 3998 aliquid.
1598 3919 1648 3978 66.
1670 3933 1699 3995 q.
1720 3919 1750 3977 4.
1772 3915 1826 3976 nbi
1846 3915 1887 3976 is-

298 4013 512 4092 juramentum
526 4028 587 4072 non
602 4008 660 4072 luit
673 4009 857 4090 institutum,
870 4017 903 4072 ut
913 4018 994 4076 esset
1004 4013 1067 4076 vin-
1119 4015 1177 4077 tud
1190 4014 1364 4076 declaratur
1378 4009 1519 4091 exemplo
1532 4008 1631 4071 David
1644 4007 1739 4090 regis,
1751 4007 1804 4087 qui
1813 4027 1887 4070 cnm

302 4105 407 4168 eninm
421 4104 604 4183 iniquitatis,
620 4121 648 4166 c.
666 4105 790 4181 Quanto.
807 4108 854 4167 te.
870 4106 902 4168 h.
918 4111 941 4172 t.
955 4109 1064 4170 atean.
1120 4127 1178 4189 per
1198 4107 1362 4169 Dominum
1381 4107 1516 4185 jurasset
1538 4102 1681 4166 occidere
1700 4101 1816 4179 Nabal,
1842 4103 1888 4162 vi·
2011 4145 2012 4184 3

301 4200 384 4262 Inter
396 4207 510 4262 cetera
526 4203 575 4275 td,
597 4215 629 4278 q.
650 4203 681 4278 4,
702 4217 774 4260 oum
795 4199 956 4264 similibus.
979 4201 1066 4265 Unde
1120 4222 1192 4264 rum
1213 4201 1342 4264 stultum
1365 4209 1397 4262 et
1419 4197 1568 4278 impium,
1593 4203 1687 4277 atque
1715 4197 1821 4258 omnia
1848 4195 1887 4256 ad

303 4311 369 4374 reg.
385 4295 435 4356 58.
448 4293 511 4370 jur.
527 4291 560 4352 in
574 4293 604 4354 6.
620 4291 795 4355 indistincte
809 4293 958 4373 loquitur:
975 4295 1067 4355 «Non
1121 4297 1224 4376 ipsum
1238 4291 1425 4375 pertinentia
1437 4291 1590 4365 demoliri,
1606 4289 1645 4352 ob
1660 4289 1806 4368 injuriam
1817 4287 1885 4360 sihi,
2011 4303 2012 4308 ¹

304 4389 353 4449 eat
365 4385 584 4465 obligatorium
597 4392 703 4449 contra
719 4387 819 4449 bonos
832 4405 935 4450 mores
948 4387 1068 4467 praesti·
1122 4388 1281 4468 servisque
1295 4386 1359 4448 suis
1373 4385 1499 4448 illatam.
1515 4387 1527 4446 1
1540 4384 1614 4466 neq.
1631 4401 1690 4446 ιιι
1704 4401 1761 4462 per
1774 4388 1886 4457 totum,
2011 4397 2012 4446 t

303 4479 641 4558 tumjurnmentum.n
668 4480 746 4542 Hinc
768 4498 838 4542 can.
866 4480 1069 4564 Unusquisque
1121 4479 1322 4544 nihilominus
1336 4479 1376 4541 ad
1390 4479 1523 4558 primam
1538 4474 1794 4540 intercessionem
1818 4476 1889 4538 nbi-

302 4577 355 4648 64,
377 4591 407 4652 q.
431 4576 461 4632 4.
483 4573 663 4652 gravissime
683 4591 755 4634 oum
776 4580 883 4637 sancto
904 4575 1068 4637 Ambrosio
1122 4574 1333 4656 gadioeminae
1347 4570 1508 4654 prudentis
1527 4571 1646 4633 remisit
1665 4570 1778 4646 minas,
1802 4589 1889 4633 reuo-
2011 4569 2012 4624 l

302 4665 358 4728 lib.
373 4665 423 4726 lll.
438 4662 472 4726 dc
486 4662 610 4743 Officiis,
626 4683 694 4745 cap.
710 4683 764 4730 ιιι.
781 4667 997 4750 perstringitur
1005 4668 1069 4730 iae-
1122 4669 1202 4732 eavit
1215 4684 1323 4729 ensem
1337 4666 1369 4727 in
1380 4666 1536 4746 vaginam,
1548 4681 1650 4744 neque
1660 4661 1777 4743 aliquid
1788 4663 1886 4742 oulpae

302 4767 369 4824 tum
383 4759 514 4822 Herodis
527 4759 622 4840 regis,
644 4762 723 4839 aqui
738 4762 884 4825 salmtrici
903 4765 1067 4845 premium
1122 4761 1223 4826 setall
1237 4759 1374 4848 perjurio
1396 4759 1586 4821 contraxisse
1609 4757 1719 4834 doluit,
1742 4755 1794 4818 cit.
1817 4775 1886 4818 can.
2011 4779 2012 4802 ι

303 4853 436 4935 impiter
456 4851 613 4933 promisit,
638 4853 806 4918 crudeliter
826 4856 927 4919 solvit.
947 4860 1067 4938 Turpe,
1123 4857 1161 4922 Si
1173 4853 1295 4938 aliquid.
1311 4852 1399 4918 Unde
1414 4858 1540 4914 sanctus
1554 4850 1756 4932 Augustinus,
1772 4850 1890 4911 relatus
2011 4879 2012 4926 ι

303 4949 388 5030 quod
400 4963 533 5028 regnum
546 4964 602 5026 pro
613 4945 775 5010 solutione
784 4950 988 5029 promittitur:
1001 4970 1069 5015 cru·
1123 4949 1348 5016 canduerit.
1374 4965 1532 5011 cacans.
1563 4949 1614 5008 22.
1647 4963 1678 5026 q.
1712 4949 1743 5006 4.
1768 4945 1886 5024 inquit:
2011 4969 2012 5034 ι

302 5043 384 5118 dele,
405 5039 488 5122 quod
507 5056 590 5101 mors
611 5040 769 5120 propheta
791 5063 848 5122 pro
865 5045 1069 5127 jurisjurandi
1129 5067 1143 5104 n
1155 5043 1274 5108 iuravit
1285 5041 1384 5104 David
1397 5048 1526 5118 temera,
1543 5040 1599 5102 sed
1613 5056 1676 5102 non
1689 5039 1829 5117 implevit
1839 5039 1891 5120 jn·
2011 5041 2012 5130 l

302 5136 451 5216 religione
473 5135 617 5196 donatur.
643 5133 765 5205 Quanto
794 5137 985 5206 tolerabilius
1015 5140 1068 5202 tali
1123 5141 1274 5202 rationem
1287 5135 1399 5216 majori
1411 5135 1536 5215 pietate.
1552 5135 1680 5212 »Atque
1690 5131 1890 5194 conformiter
2011 5139 2012 5214 i

301 5229 411 5292 fuisset
425 5228 596 5309 periurium
606 5229 797 5309 juramento,
812 5231 836 5290 si
851 5235 1071 5315 tamenpeq'u-
1123 5231 1211 5293 dietis
1223 5234 1353 5310 possunt
1366 5227 1520 5288 innumeri
1534 5243 1636 5299 casus,
1659 5229 1724 5285 tam
1744 5241 1803 5303 pro
1823 5223 1888 5284 loro
2011 5215 2012 5296 l

302 5320 383 5382 rium
397 5321 493 5399 possit
507 5318 578 5398 diei,
594 5319 679 5400 qnod
692 5319 796 5397 ebrius
810 5321 891 5384 inter
904 5324 974 5386 vina
985 5325 1071 5405 jura-
1123 5322 1329 5395 eonscientiae,
1344 5337 1437 5399 quam
1452 5325 1580 5382 externo
1594 5316 1718 5380 resolvi.

302 5418 390 5477 verat
401 5431 408 5474 :
421 5413 504 5493 quod
518 5413 655 5492 ejuratus
669 5413 749 5477 inter
763 5414 941 5476 minutium
955 5417 1068 5480 choros
1161 5419 1211 5480 76.
1233 5415 1438 5478 duramentum
1452 5412 1509 5475 toti
1519 5412 1607 5476 ΒΕΘ
1620 5411 1734 5494 lutura
1752 5409 1790 5472 de
1807 5429 1891 5492 opere
