<?xml version="1.0" encoding="UTF-8"?>
<!DOCTYPE html PUBLIC "-//W3C//DTD XHTML 1.0 Transitional//EN"
    "http://www.w3.org/TR/xhtml1/DTD/xhtml1-transitional.dtd">
<html xmlns="http://www.w3.org/1999/xhtml" xml:lang="en" lang="en">
 <head>
  <title>
</title>
<meta http-equiv="Content-Type" content="text/html;charset=utf-8" />
  <meta name='ocr-system' content='tesseract 3.04.00' />
  <meta name='ocr-capabilities' content='ocr_page ocr_carea ocr_par ocr_line ocrx_word'/>
</head>
<body>
  <div class='ocr_page' id='page_1' title='image "./juscanonicumuni00pellgoog_0215.png"; bbox 0 0 4028 6068; ppageno 0'>
   <div class='ocr_carea' id='block_1_1' title="bbox 292 255 1569 332">
    <p class='ocr_par' dir='ltr' id='par_1_1' title="bbox 292 255 1569 332">
     <span class='ocr_line' id='line_1_1' title="bbox 292 255 1569 332; baseline 0.001 -10"><span class='ocrx_word' id='word_1_1' title='bbox 292 261 356 332; x_wconf 63' lang='lat' dir='ltr'>m</span> <span class='ocrx_word' id='word_1_2' title='bbox 598 257 669 323; x_wconf 80' lang='lat' dir='ltr'>nte.</span> <span class='ocrx_word' id='word_1_3' title='bbox 691 261 727 324; x_wconf 85' lang='lat' dir='ltr'>n.</span> <span class='ocrx_word' id='word_1_4' title='bbox 750 259 960 323; x_wconf 75' lang='lat' dir='ltr'>nocnerit.</span> <span class='ocrx_word' id='word_1_5' title='bbox 981 259 1052 323; x_wconf 73' lang='lat' dir='ltr'>riu.</span> <span class='ocrx_word' id='word_1_6' title='bbox 1075 259 1166 322; x_wconf 71' lang='lat' dir='ltr'>XXV.</span> <span class='ocrx_word' id='word_1_7' title='bbox 1187 259 1239 321; x_wconf 79' lang='lat' dir='ltr'>titt</span> <span class='ocrx_word' id='word_1_8' title='bbox 1261 255 1569 323; x_wconf 69' lang='lat' dir='ltr'>uxont’rrortrnun</span> 
     </span>
    </p>
   </div>
   <div class='ocr_carea' id='block_1_2' title="bbox 291 391 1883 1038">
    <p class='ocr_par' dir='ltr' id='par_1_2' title="bbox 291 391 1881 852">
     <span class='ocr_line' id='line_1_2' title="bbox 293 391 1879 480; baseline -0.003 -17"><span class='ocrx_word' id='word_1_9' title='bbox 293 395 433 480; x_wconf 79' lang='lat' dir='ltr'>exceptio</span> <span class='ocrx_word' id='word_1_10' title='bbox 459 393 522 457; x_wconf 82' lang='lat' dir='ltr'>rioii</span> <span class='ocrx_word' id='word_1_11' title='bbox 545 394 635 472; x_wconf 84' lang='lat' dir='ltr'>muli,</span> <span class='ocrx_word' id='word_1_12' title='bbox 658 395 798 477; x_wconf 84' lang='lat' dir='ltr'>exceptio</span> <span class='ocrx_word' id='word_1_13' title='bbox 819 394 866 456; x_wconf 90' lang='lat' dir='ltr'>rei</span> <span class='ocrx_word' id='word_1_14' title='bbox 888 393 1054 475; x_wconf 75' lang='lat' dir='ltr'>judicate,-</span> <span class='ocrx_word' id='word_1_15' title='bbox 1107 393 1180 455; x_wconf 87' lang='lat' dir='ltr'>dem</span> <span class='ocrx_word' id='word_1_16' title='bbox 1204 411 1298 454; x_wconf 82' lang='lat' dir='ltr'>ceusu</span> <span class='ocrx_word' id='word_1_17' title='bbox 1318 391 1503 456; x_wconf 78' lang='lat' dir='ltr'>advocatum</span> <span class='ocrx_word' id='word_1_18' title='bbox 1525 395 1633 474; x_wconf 83' lang='lat' dir='ltr'>egerit,</span> <span class='ocrx_word' id='word_1_19' title='bbox 1658 403 1712 458; x_wconf 88' lang='lat' dir='ltr'>ent</span> <span class='ocrx_word' id='word_1_20' title='bbox 1734 397 1879 476; x_wconf 78' lang='lat' dir='ltr'>einedem</span> 
     </span>
     <span class='ocr_line' id='line_1_3' title="bbox 292 485 1881 572; baseline -0.002 -17"><span class='ocrx_word' id='word_1_21' title='bbox 292 490 496 572; x_wconf 83' lang='lat' dir='ltr'>pectidenon</span> <span class='ocrx_word' id='word_1_22' title='bbox 511 486 646 567; x_wconf 79' lang='lat' dir='ltr'>petendo</span> <span class='ocrx_word' id='word_1_23' title='bbox 665 485 901 568; x_wconf 75' lang='lat' dir='ltr'>inperpetuum,</span> <span class='ocrx_word' id='word_1_24' title='bbox 917 492 1055 548; x_wconf 73' lang='lat' dir='ltr'>trenmc·</span> <span class='ocrx_word' id='word_1_25' title='bbox 1109 485 1205 549; x_wconf 84' lang='lat' dir='ltr'>ferme</span> <span class='ocrx_word' id='word_1_26' title='bbox 1220 486 1344 569; x_wconf 84' lang='lat' dir='ltr'>generis</span> <span class='ocrx_word' id='word_1_27' title='bbox 1357 486 1444 548; x_wconf 84' lang='lat' dir='ltr'>litem</span> <span class='ocrx_word' id='word_1_28' title='bbox 1461 487 1586 564; x_wconf 79' lang='lat' dir='ltr'>hebeat,</span> <span class='ocrx_word' id='word_1_29' title='bbox 1602 489 1653 550; x_wconf 90' lang='lat' dir='ltr'>vel</span> <span class='ocrx_word' id='word_1_30' title='bbox 1667 507 1705 551; x_wconf 92' lang='lat' dir='ltr'>ex</span> <span class='ocrx_word' id='word_1_31' title='bbox 1718 491 1779 551; x_wconf 86' lang='lat' dir='ltr'>elie</span> <span class='ocrx_word' id='word_1_32' title='bbox 1790 491 1881 570; x_wconf 82' lang='lat' dir='ltr'>juste</span> 
     </span>
     <span class='ocr_line' id='line_1_4' title="bbox 291 579 1881 662; baseline -0.003 -11"><span class='ocrx_word' id='word_1_33' title='bbox 291 583 396 660; x_wconf 77' lang='lat' dir='ltr'>iterii,</span> <span class='ocrx_word' id='word_1_34' title='bbox 414 583 587 656; x_wconf 74' lang='lat' dir='ltr'><strong>solutionis,</strong></span> <span class='ocrx_word' id='word_1_35' title='bbox 606 581 856 662; x_wconf 75' lang='lat' dir='ltr'>prescriptionis,</span> <span class='ocrx_word' id='word_1_36' title='bbox 877 579 970 642; x_wconf 85' lang='lat' dir='ltr'>uulsi</span> <span class='ocrx_word' id='word_1_37' title='bbox 984 594 1056 642; x_wconf 88' lang='lat' dir='ltr'>con-</span> <span class='ocrx_word' id='word_1_38' title='bbox 1109 583 1204 644; x_wconf 76' lang='lat' dir='ltr'>oeu&#39;se</span> <span class='ocrx_word' id='word_1_39' title='bbox 1216 599 1289 642; x_wconf 88' lang='lat' dir='ltr'>reus</span> <span class='ocrx_word' id='word_1_40' title='bbox 1303 586 1409 643; x_wconf 86' lang='lat' dir='ltr'>contre</span> <span class='ocrx_word' id='word_1_41' title='bbox 1426 579 1527 660; x_wconf 90' lang='lat' dir='ltr'>ipsum</span> <span class='ocrx_word' id='word_1_42' title='bbox 1542 581 1675 662; x_wconf 87' lang='lat' dir='ltr'>excipiet</span> <span class='ocrx_word' id='word_1_43' title='bbox 1691 602 1698 644; x_wconf 92' lang='lat'><strong>:</strong></span> <span class='ocrx_word' id='word_1_44' title='bbox 1715 587 1809 662; x_wconf 87' lang='lat' dir='ltr'>prout</span> <span class='ocrx_word' id='word_1_45' title='bbox 1821 584 1881 646; x_wconf 88' lang='lat' dir='ltr'>de·</span> 
     </span>
     <span class='ocr_line' id='line_1_5' title="bbox 293 670 1879 754; baseline -0.001 -12"><span class='ocrx_word' id='word_1_46' title='bbox 293 684 409 742; x_wconf 78' lang='lat' dir='ltr'>necne</span> <span class='ocrx_word' id='word_1_47' title='bbox 428 670 592 752; x_wconf 84' lang='lat' dir='ltr'>inveiirlne,</span> <span class='ocrx_word' id='word_1_48' title='bbox 607 675 656 736; x_wconf 86' lang='lat' dir='ltr'>vel</span> <span class='ocrx_word' id='word_1_49' title='bbox 677 671 835 754; x_wconf 76' lang='lat' dir='ltr'>quidpiam</span> <span class='ocrx_word' id='word_1_50' title='bbox 849 671 958 736; x_wconf 81' lang='lat' dir='ltr'>contin</span> <span class='ocrx_word' id='word_1_51' title='bbox 970 671 1057 754; x_wconf 80' lang='lat' dir='ltr'>leges</span> <span class='ocrx_word' id='word_1_52' title='bbox 1110 675 1242 738; x_wconf 86' lang='lat' dir='ltr'>sumitur</span> <span class='ocrx_word' id='word_1_53' title='bbox 1263 677 1301 736; x_wconf 83' lang='lat' dir='ltr'>ex</span> <span class='ocrx_word' id='word_1_54' title='bbox 1322 691 1350 736; x_wconf 68' lang='lat' dir='ltr'>er</span> <span class='ocrx_word' id='word_1_55' title='bbox 1376 671 1536 736; x_wconf 73' lang='lat' dir='ltr'>reeeme.</span> <span class='ocrx_word' id='word_1_56' title='bbox 1560 677 1610 738; x_wconf 81' lang='lat' dir='ltr'>tte.</span> <span class='ocrx_word' id='word_1_57' title='bbox 1635 677 1745 754; x_wconf 70' lang='lat' dir='ltr'>iuncte</span> <span class='ocrx_word' id='word_1_58' title='bbox 1766 677 1879 741; x_wconf 79' lang='lat' dir='ltr'>Gloeue</span> 
     </span>
     <span class='ocr_line' id='line_1_6' title="bbox 293 765 1801 852; baseline -0.001 -20"><span class='ocrx_word' id='word_1_59' title='bbox 293 789 361 832; x_wconf 86' lang='lat' dir='ltr'>esee</span> <span class='ocrx_word' id='word_1_60' title='bbox 384 770 500 832; x_wconf 83' lang='lat' dir='ltr'>fectum</span> <span class='ocrx_word' id='word_1_61' title='bbox 523 767 659 841; x_wconf 89' lang='lat' dir='ltr'>dicetur,</span> <span class='ocrx_word' id='word_1_62' title='bbox 684 773 715 828; x_wconf 89' lang='lat' dir='ltr'>et</span> <span class='ocrx_word' id='word_1_63' title='bbox 732 765 922 845; x_wconf 84' lang='lat' dir='ltr'>hujusmodi.</span> <span class='ocrx_word' id='word_1_64' title='bbox 941 767 980 827; x_wconf 84' lang='lat' dir='ltr'>nt</span> <span class='ocrx_word' id='word_1_65' title='bbox 992 783 1058 826; x_wconf 89' lang='lat' dir='ltr'>me-</span> <span class='ocrx_word' id='word_1_66' title='bbox 1109 767 1187 831; x_wconf 81' lang='lat' dir='ltr'>inin.—</span> <span class='ocrx_word' id='word_1_67' title='bbox 1201 783 1282 830; x_wconf 81' lang='lat' dir='ltr'>rers.</span> <span class='ocrx_word' id='word_1_68' title='bbox 1298 766 1538 848; x_wconf 62' lang='lat' dir='ltr'>Cecropeiam</span> <span class='ocrx_word' id='word_1_69' title='bbox 1551 767 1589 830; x_wconf 84' lang='lat' dir='ltr'>lie</span> <span class='ocrx_word' id='word_1_70' title='bbox 1602 768 1801 852; x_wconf 79' lang='lat' dir='ltr'>rlpprllcticn.</span> 
     </span>
    </p>

    <p class='ocr_par' dir='ltr' id='par_1_3' title="bbox 292 856 1883 1038">
     <span class='ocr_line' id='line_1_7' title="bbox 292 856 1883 946; baseline -0.001 -17"><span class='ocrx_word' id='word_1_71' title='bbox 292 865 352 929; x_wconf 89' lang='lat' dir='ltr'>rito</span> <span class='ocrx_word' id='word_1_72' title='bbox 384 863 464 928; x_wconf 74' lang='lat' dir='ltr'>lelee</span> <span class='ocrx_word' id='word_1_73' title='bbox 491 862 635 924; x_wconf 84' lang='lat' dir='ltr'>dicuutur</span> <span class='ocrx_word' id='word_1_74' title='bbox 661 857 859 940; x_wconf 80' lang='lat' dir='ltr'>exceptiones</span> <span class='ocrx_word' id='word_1_75' title='bbox 881 856 1066 940; x_wconf 72' lang='lat' dir='ltr'>perempto·¹</span> <span class='ocrx_word' id='word_1_76' title='bbox 1151 861 1200 923; x_wconf 70' lang='lat' dir='ltr'>li.</span> <span class='ocrx_word' id='word_1_77' title='bbox 1221 861 1319 941; x_wconf 75' lang='lat' dir='ltr'>nepe</span> <span class='ocrx_word' id='word_1_78' title='bbox 1332 859 1687 926; x_wconf 65' lang='lat' dir='ltr'>ntidnctcmnirecclice</span> <span class='ocrx_word' id='word_1_79' title='bbox 1699 864 1883 946; x_wconf 72' lang='lat' dir='ltr'>receptiones</span> 
     </span>
     <span class='ocr_line' id='line_1_8' title="bbox 292 952 1883 1038; baseline -0.001 -16"><span class='ocrx_word' id='word_1_80' title='bbox 292 960 368 1034; x_wconf 80' lang='lat' dir='ltr'>rie,</span> <span class='ocrx_word' id='word_1_81' title='bbox 395 971 432 1020; x_wconf 85' lang='lat' dir='ltr'>ec</span> <span class='ocrx_word' id='word_1_82' title='bbox 460 959 631 1036; x_wconf 80' lang='lat' dir='ltr'>perpetum.</span> <span class='ocrx_word' id='word_1_83' title='bbox 659 953 876 1034; x_wconf 81' lang='lat' dir='ltr'>Peremptoriee</span> <span class='ocrx_word' id='word_1_84' title='bbox 904 952 1054 1032; x_wconf 81' lang='lat' dir='ltr'>quidem:</span> <span class='ocrx_word' id='word_1_85' title='bbox 1110 953 1220 1038; x_wconf 68' lang='lat' dir='ltr'>opponi</span> <span class='ocrx_word' id='word_1_86' title='bbox 1238 953 1340 1016; x_wconf 82' lang='lat' dir='ltr'>debent</span> <span class='ocrx_word' id='word_1_87' title='bbox 1353 973 1366 1017; x_wconf 90' lang='grc'>.·</span> <span class='ocrx_word' id='word_1_88' title='bbox 1387 961 1417 1015; x_wconf 87' lang='lat' dir='ltr'>ct</span> <span class='ocrx_word' id='word_1_89' title='bbox 1438 954 1514 1016; x_wconf 82' lang='lat' dir='ltr'>curi</span> <span class='ocrx_word' id='word_1_90' title='bbox 1534 982 1575 1002; x_wconf 85' lang='lat'><em>-</em></span> <span class='ocrx_word' id='word_1_91' title='bbox 1601 953 1698 1018; x_wconf 82' lang='lat' dir='ltr'>Porro</span> <span class='ocrx_word' id='word_1_92' title='bbox 1724 959 1883 1035; x_wconf 47' lang='lat' dir='ltr'>&amp;comedi</span> 
     </span>
    </p>
   </div>
   <div class='ocr_carea' id='block_1_3' title="bbox 207 1139 1890 3456">
    <p class='ocr_par' dir='ltr' id='par_1_4' title="bbox 207 1139 1890 3456">
     <span class='ocr_line' id='line_1_9' title="bbox 291 1139 1883 1230; baseline 0.001 -26"><span class='ocrx_word' id='word_1_93' title='bbox 291 1145 358 1206; x_wconf 88' lang='lat' dir='ltr'>lnnt</span> <span class='ocrx_word' id='word_1_94' title='bbox 381 1141 519 1204; x_wconf 80' lang='lat' dir='ltr'>ennico-</span> <span class='ocrx_word' id='word_1_95' title='bbox 534 1141 587 1220; x_wconf 84' lang='lat' dir='ltr'>jue</span> <span class='ocrx_word' id='word_1_96' title='bbox 604 1139 725 1222; x_wconf 73' lang='lat' dir='ltr'>egentis</span> <span class='ocrx_word' id='word_1_97' title='bbox 734 1163 744 1216; x_wconf 64' lang='lat'><em>3</em></span> <span class='ocrx_word' id='word_1_98' title='bbox 767 1145 800 1202; x_wconf 91' lang='lat' dir='ltr'>et</span> <span class='ocrx_word' id='word_1_99' title='bbox 819 1139 957 1230; x_wconf 68' lang='lat' dir='ltr'>totalitel</span> <span class='ocrx_word' id='word_1_100' title='bbox 975 1140 1056 1219; x_wconf 88' lang='lat' dir='ltr'>peri·</span> <span class='ocrx_word' id='word_1_101' title='bbox 1109 1143 1220 1224; x_wconf 79' lang='lat' dir='ltr'>prime,</span> <span class='ocrx_word' id='word_1_102' title='bbox 1236 1145 1330 1219; x_wconf 79' lang='lat' dir='ltr'>etque</span> <span class='ocrx_word' id='word_1_103' title='bbox 1341 1141 1459 1220; x_wconf 91' lang='lat' dir='ltr'>opponi</span> <span class='ocrx_word' id='word_1_104' title='bbox 1471 1145 1544 1204; x_wconf 80' lang='lat' dir='ltr'>ente</span> <span class='ocrx_word' id='word_1_105' title='bbox 1558 1143 1753 1206; x_wconf 76' lang='lat' dir='ltr'>omnesones</span> <span class='ocrx_word' id='word_1_106' title='bbox 1766 1162 1883 1224; x_wconf 74' lang='lat' dir='ltr'>excep</span> 
     </span>
     <span class='ocr_line' id='line_1_10' title="bbox 289 1229 1885 1317; baseline -0.001 -18"><span class='ocrx_word' id='word_1_107' title='bbox 289 1243 379 1300; x_wconf 83' lang='lat' dir='ltr'>munt</span> <span class='ocrx_word' id='word_1_108' title='bbox 393 1229 547 1300; x_wconf 81' lang='lat' dir='ltr'>actionem</span> <span class='ocrx_word' id='word_1_109' title='bbox 561 1249 619 1316; x_wconf 88' lang='lat' dir='ltr'>per</span> <span class='ocrx_word' id='word_1_110' title='bbox 638 1233 792 1316; x_wconf 72' lang='lat' dir='ltr'>repone</span> <span class='ocrx_word' id='word_1_111' title='bbox 811 1251 898 1296; x_wconf 83' lang='lat' dir='ltr'>ceo:</span> <span class='ocrx_word' id='word_1_112' title='bbox 917 1233 989 1313; x_wconf 79' lang='lat' dir='ltr'>qnia</span> <span class='ocrx_word' id='word_1_113' title='bbox 1004 1251 1057 1296; x_wconf 84' lang='lat' dir='ltr'>ec·</span> <span class='ocrx_word' id='word_1_114' title='bbox 1110 1234 1222 1300; x_wconf 82' lang='lat' dir='ltr'>tionee.</span> <span class='ocrx_word' id='word_1_115' title='bbox 1246 1235 1267 1296; x_wconf 89' lang='lat' dir='ltr'>l.</span> <span class='ocrx_word' id='word_1_116' title='bbox 1279 1233 1335 1296; x_wconf 89' lang='lat' dir='ltr'>ult.</span> <span class='ocrx_word' id='word_1_117' title='bbox 1356 1250 1385 1295; x_wconf 87' lang='lat' dir='ltr'>c.</span> <span class='ocrx_word' id='word_1_118' title='bbox 1406 1232 1445 1295; x_wconf 89' lang='lat' dir='ltr'>de</span> <span class='ocrx_word' id='word_1_119' title='bbox 1459 1231 1665 1317; x_wconf 70' lang='lat' dir='ltr'>Exceptiom&#39;l.</span> <span class='ocrx_word' id='word_1_120' title='bbox 1681 1243 1772 1316; x_wconf 83' lang='lat' dir='ltr'>etque</span> <span class='ocrx_word' id='word_1_121' title='bbox 1788 1243 1885 1300; x_wconf 82' lang='lat' dir='ltr'>notet</span> 
     </span>
     <span class='ocr_line' id='line_1_11' title="bbox 290 1323 1882 1408; baseline -0.003 -14"><span class='ocrx_word' id='word_1_122' title='bbox 290 1331 407 1394; x_wconf 88' lang='lat' dir='ltr'>tionem</span> <span class='ocrx_word' id='word_1_123' title='bbox 422 1323 588 1391; x_wconf 77' lang='lat' dir='ltr'>excludunt</span> <span class='ocrx_word' id='word_1_124' title='bbox 601 1327 632 1387; x_wconf 90' lang='lat' dir='ltr'>in</span> <span class='ocrx_word' id='word_1_125' title='bbox 646 1329 848 1407; x_wconf 87' lang='lat' dir='ltr'>perpetuum,</span> <span class='ocrx_word' id='word_1_126' title='bbox 874 1329 906 1389; x_wconf 87' lang='lat' dir='ltr'>et</span> <span class='ocrx_word' id='word_1_127' title='bbox 922 1344 985 1386; x_wconf 92' lang='lat' dir='ltr'>non</span> <span class='ocrx_word' id='word_1_128' title='bbox 999 1343 1056 1408; x_wconf 92' lang='lat' dir='ltr'>pro</span> <span class='ocrx_word' id='word_1_129' title='bbox 1110 1328 1218 1391; x_wconf 83' lang='lat' dir='ltr'>Gloeee</span> <span class='ocrx_word' id='word_1_130' title='bbox 1232 1327 1264 1388; x_wconf 92' lang='lat' dir='ltr'>in</span> <span class='ocrx_word' id='word_1_131' title='bbox 1278 1343 1306 1388; x_wconf 91' lang='lat' dir='ltr'>c.</span> <span class='ocrx_word' id='word_1_132' title='bbox 1321 1325 1542 1407; x_wconf 73' lang='lat' dir='ltr'>receptionem.</span> <span class='ocrx_word' id='word_1_133' title='bbox 1559 1331 1608 1390; x_wconf 76' lang='lat' dir='ltr'>te.</span> <span class='ocrx_word' id='word_1_134' title='bbox 1624 1347 1654 1390; x_wconf 89' lang='lat' dir='ltr'>v.</span> <span class='ocrx_word' id='word_1_135' title='bbox 1668 1327 1708 1390; x_wconf 85' lang='lat' dir='ltr'>In</span> <span class='ocrx_word' id='word_1_136' title='bbox 1720 1328 1882 1390; x_wconf 64' lang='lat' dir='ltr'>dilator-iic</span> 
     </span>
     <span class='ocr_line' id='line_1_12' title="bbox 290 1418 1882 1503; baseline 0 -19"><span class='ocrx_word' id='word_1_137' title='bbox 290 1425 495 1487; x_wconf 75' lang='lat' dir='ltr'>determinato</span> <span class='ocrx_word' id='word_1_138' title='bbox 510 1419 660 1484; x_wconf 63' lang='lat' dir='ltr'>mummi</span> <span class='ocrx_word' id='word_1_139' title='bbox 680 1424 822 1503; x_wconf 85' lang='lat' dir='ltr'>tempere</span> <span class='ocrx_word' id='word_1_140' title='bbox 840 1439 848 1481; x_wconf 92' lang='lat'>:-</span> <span class='ocrx_word' id='word_1_141' title='bbox 869 1427 962 1502; x_wconf 88' lang='lat' dir='ltr'>prout</span> <span class='ocrx_word' id='word_1_142' title='bbox 975 1421 1057 1483; x_wconf 86' lang='lat' dir='ltr'>ccci·</span> <span class='ocrx_word' id='word_1_143' title='bbox 1110 1425 1143 1484; x_wconf 89' lang='lat' dir='ltr'>et</span> <span class='ocrx_word' id='word_1_144' title='bbox 1154 1419 1259 1482; x_wconf 70' lang='lat' dir='ltr'>ebbae</span> <span class='ocrx_word' id='word_1_145' title='bbox 1272 1425 1308 1481; x_wconf 78' lang='lat' dir='ltr'>ri.-</span> <span class='ocrx_word' id='word_1_146' title='bbox 1324 1421 1372 1481; x_wconf 86' lang='lat' dir='ltr'>to.</span> <span class='ocrx_word' id='word_1_147' title='bbox 1389 1418 1420 1480; x_wconf 90' lang='lat' dir='ltr'>h.</span> <span class='ocrx_word' id='word_1_148' title='bbox 1437 1421 1476 1494; x_wconf 66' lang='lat' dir='ltr'>tr</span> <span class='ocrx_word' id='word_1_149' title='bbox 1485 1420 1625 1482; x_wconf 64' lang='lat' dir='ltr'>Mer-ente</span> <span class='ocrx_word' id='word_1_150' title='bbox 1638 1420 1698 1483; x_wconf 92' lang='lat' dir='ltr'>loc.</span> <span class='ocrx_word' id='word_1_151' title='bbox 1714 1422 1765 1484; x_wconf 87' lang='lat' dir='ltr'>eit.</span> <span class='ocrx_word' id='word_1_152' title='bbox 1780 1440 1813 1482; x_wconf 89' lang='lat' dir='ltr'>n.</span> <span class='ocrx_word' id='word_1_153' title='bbox 1825 1426 1882 1496; x_wconf 72' lang='lat'>22,</span> 
     </span>
     <span class='ocr_line' id='line_1_13' title="bbox 290 1511 1885 1594; baseline -0.002 -16"><span class='ocrx_word' id='word_1_154' title='bbox 290 1517 336 1580; x_wconf 84' lang='lat' dir='ltr'>dit</span> <span class='ocrx_word' id='word_1_155' title='bbox 355 1515 585 1594; x_wconf 81' lang='lat' dir='ltr'>exceptionibus</span> <span class='ocrx_word' id='word_1_156' title='bbox 604 1512 765 1576; x_wconf 78' lang='lat' dir='ltr'>dilatoriis.</span> <span class='ocrx_word' id='word_1_157' title='bbox 1110 1514 1248 1578; x_wconf 85' lang='lat' dir='ltr'>Berhoen</span> <span class='ocrx_word' id='word_1_158' title='bbox 1264 1513 1296 1572; x_wconf 91' lang='lat' dir='ltr'>in</span> <span class='ocrx_word' id='word_1_159' title='bbox 1319 1527 1348 1574; x_wconf 88' lang='lat' dir='ltr'>e.</span> <span class='ocrx_word' id='word_1_160' title='bbox 1371 1511 1547 1576; x_wconf 68' lang='lat' dir='ltr'>renerent.</span> <span class='ocrx_word' id='word_1_161' title='bbox 1563 1531 1596 1574; x_wconf 90' lang='lat' dir='ltr'>n.</span> <span class='ocrx_word' id='word_1_162' title='bbox 1619 1519 1673 1578; x_wconf 65' lang='grc' dir='ltr'>ιι·</span> <span class='ocrx_word' id='word_1_163' title='bbox 1686 1513 1719 1576; x_wconf 91' lang='lat' dir='ltr'>h.</span> <span class='ocrx_word' id='word_1_164' title='bbox 1740 1519 1762 1576; x_wconf 90' lang='lat' dir='ltr'>t.</span> <span class='ocrx_word' id='word_1_165' title='bbox 1779 1515 1885 1576; x_wconf 78' lang='lat' dir='ltr'>oileus</span> 
     </span>
     <span class='ocr_line' id='line_1_14' title="bbox 330 1603 1886 1691; baseline -0.004 -15"><span class='ocrx_word' id='word_1_166' title='bbox 330 1616 360 1676; x_wconf 85' lang='lat'>9.</span> <span class='ocrx_word' id='word_1_167' title='bbox 384 1603 578 1691; x_wconf 71' lang='lat' dir='ltr'>Exceptionec</span> <span class='ocrx_word' id='word_1_168' title='bbox 603 1605 762 1682; x_wconf 78' lang='lat' dir='ltr'>dilriicriee,</span> <span class='ocrx_word' id='word_1_169' title='bbox 790 1625 839 1669; x_wconf 79' lang='lat' dir='ltr'>ocu</span> <span class='ocrx_word' id='word_1_170' title='bbox 869 1608 1054 1689; x_wconf 72' lang='lat' dir='ltr'><em>temporales,</em></span> <span class='ocrx_word' id='word_1_171' title='bbox 1109 1607 1213 1689; x_wconf 82' lang='lat' dir='ltr'>plures</span> <span class='ocrx_word' id='word_1_172' title='bbox 1224 1606 1311 1668; x_wconf 82' lang='lat' dir='ltr'>elice.</span> <span class='ocrx_word' id='word_1_173' title='bbox 1321 1606 1410 1668; x_wconf 83' lang='lat' dir='ltr'>Retio</span> <span class='ocrx_word' id='word_1_174' title='bbox 1418 1609 1475 1680; x_wconf 86' lang='lat' dir='ltr'>est,</span> <span class='ocrx_word' id='word_1_175' title='bbox 1487 1605 1562 1684; x_wconf 87' lang='lat' dir='ltr'>quie</span> <span class='ocrx_word' id='word_1_176' title='bbox 1571 1607 1597 1668; x_wconf 82' lang='lat' dir='ltr'>si</span> <span class='ocrx_word' id='word_1_177' title='bbox 1608 1607 1670 1668; x_wconf 86' lang='lat' dir='ltr'>elie</span> <span class='ocrx_word' id='word_1_178' title='bbox 1678 1608 1886 1689; x_wconf 76' lang='lat' dir='ltr'>exceptionu-</span> 
     </span>
     <span class='ocr_line' id='line_1_15' title="bbox 290 1699 1886 1788; baseline -0.001 -22"><span class='ocrx_word' id='word_1_179' title='bbox 290 1706 381 1788; x_wconf 76' lang='lat' dir='ltr'>quei</span> <span class='ocrx_word' id='word_1_180' title='bbox 393 1720 409 1763; x_wconf 86' lang='lat' dir='ltr'>r</span> <span class='ocrx_word' id='word_1_181' title='bbox 416 1704 620 1786; x_wconf 65' lang='lat' dir='ltr'>inceptiones</span> <span class='ocrx_word' id='word_1_182' title='bbox 629 1701 779 1764; x_wconf 80' lang='lat' dir='ltr'>dilatorie</span> <span class='ocrx_word' id='word_1_183' title='bbox 792 1720 830 1764; x_wconf 87' lang='lat' dir='ltr'>eo</span> <span class='ocrx_word' id='word_1_184' title='bbox 843 1702 1052 1780; x_wconf 74' lang='lat' dir='ltr'><strong>temporales»</strong></span> <span class='ocrx_word' id='word_1_185' title='bbox 1109 1719 1177 1762; x_wconf 85' lang='lat' dir='ltr'>rum</span> <span class='ocrx_word' id='word_1_186' title='bbox 1184 1700 1236 1764; x_wconf 87' lang='lat' dir='ltr'>teli</span> <span class='ocrx_word' id='word_1_187' title='bbox 1243 1699 1349 1779; x_wconf 72' lang='lat' dir='ltr'>judice</span> <span class='ocrx_word' id='word_1_188' title='bbox 1359 1700 1886 1778; x_wconf 77' lang='lat' dir='ltr'>prineproponeretur;ceneeretrxr</span> 
     </span>
     <span class='ocr_line' id='line_1_16' title="bbox 289 1790 1885 1876; baseline -0.004 -14"><span class='ocrx_word' id='word_1_189' title='bbox 289 1805 415 1862; x_wconf 85' lang='lat' dir='ltr'>econtra</span> <span class='ocrx_word' id='word_1_190' title='bbox 438 1802 529 1871; x_wconf 83' lang='lat' dir='ltr'>eunt,</span> <span class='ocrx_word' id='word_1_191' title='bbox 555 1811 625 1876; x_wconf 75' lang='grc' dir='ltr'>ιιι</span> <span class='ocrx_word' id='word_1_192' title='bbox 653 1794 855 1876; x_wconf 78' lang='lat' dir='ltr'><strong>principalem</strong></span> <span class='ocrx_word' id='word_1_193' title='bbox 877 1800 1056 1856; x_wconf 77' lang='lat' dir='ltr'>conseruet</span> <span class='ocrx_word' id='word_1_194' title='bbox 1110 1793 1428 1874; x_wconf 84' lang='lat' dir='ltr'>o&#39;pponencenmdenr</span> <span class='ocrx_word' id='word_1_195' title='bbox 1442 1790 1885 1875; x_wconf 78' lang='lat' dir='ltr'>interpellere,ntenperpro-</span> 
     </span>
     <span class='ocr_line' id='line_1_17' title="bbox 288 1884 1881 1970; baseline -0.004 -16"><span class='ocrx_word' id='word_1_196' title='bbox 288 1893 444 1954; x_wconf 85' lang='lat' dir='ltr'>notionem</span> <span class='ocrx_word' id='word_1_197' title='bbox 452 1907 517 1954; x_wconf 90' lang='lat' dir='ltr'>non</span> <span class='ocrx_word' id='word_1_198' title='bbox 525 1889 693 1970; x_wconf 84' lang='lat' dir='ltr'>perimunt,</span> <span class='ocrx_word' id='word_1_199' title='bbox 705 1888 762 1950; x_wconf 82' lang='lat' dir='ltr'>ced</span> <span class='ocrx_word' id='word_1_200' title='bbox 770 1892 891 1951; x_wconf 85' lang='lat' dir='ltr'>teutrnn</span> <span class='ocrx_word' id='word_1_201' title='bbox 902 1903 972 1950; x_wconf 86' lang='lat' dir='ltr'>cem</span> <span class='ocrx_word' id='word_1_202' title='bbox 986 1905 1056 1948; x_wconf 83' lang='lat' dir='ltr'>eus·</span> <span class='ocrx_word' id='word_1_203' title='bbox 1109 1887 1209 1968; x_wconf 82' lang='lat' dir='ltr'>posite</span> <span class='ocrx_word' id='word_1_204' title='bbox 1228 1886 1409 1964; x_wconf 76' lang='lat' dir='ltr'>exceptione</span> <span class='ocrx_word' id='word_1_205' title='bbox 1429 1884 1625 1964; x_wconf 87' lang='lat' dir='ltr'>pronuntiet;</span> <span class='ocrx_word' id='word_1_206' title='bbox 1648 1885 1755 1964; x_wconf 78' lang='lat' dir='ltr'>sicque</span> <span class='ocrx_word' id='word_1_207' title='bbox 1768 1887 1881 1960; x_wconf 78' lang='lat' dir='ltr'>tacite,</span> 
     </span>
     <span class='ocr_line' id='line_1_18' title="bbox 289 1975 1881 2068; baseline -0.007 -18"><span class='ocrx_word' id='word_1_208' title='bbox 289 1986 430 2068; x_wconf 89' lang='lat' dir='ltr'>pendunt</span> <span class='ocrx_word' id='word_1_209' title='bbox 456 1984 519 2046; x_wconf 77' lang='lat' dir='ltr'>ciue</span> <span class='ocrx_word' id='word_1_210' title='bbox 552 1981 699 2044; x_wconf 77' lang='lat' dir='ltr'>differunt</span> <span class='ocrx_word' id='word_1_211' title='bbox 724 1981 756 2042; x_wconf 89' lang='lat' dir='ltr'>in</span> <span class='ocrx_word' id='word_1_212' title='bbox 787 1981 872 2042; x_wconf 86' lang='lat' dir='ltr'>eliud</span> <span class='ocrx_word' id='word_1_213' title='bbox 898 1987 1021 2061; x_wconf 87' lang='lat' dir='ltr'>tempus</span> <span class='ocrx_word' id='word_1_214' title='bbox 1045 2000 1077 2042; x_wconf 91' lang='lat'>:·</span> <span class='ocrx_word' id='word_1_215' title='bbox 1109 1975 1881 2058; x_wconf 77' lang='lat' dir='ltr'>etqueipeoiectointelemjudicerncoueentiret,</span> 
     </span>
     <span class='ocr_line' id='line_1_19' title="bbox 289 2067 1881 2158; baseline -0.006 -16"><span class='ocrx_word' id='word_1_216' title='bbox 289 2080 424 2158; x_wconf 84' lang='lat' dir='ltr'>ideoque</span> <span class='ocrx_word' id='word_1_217' title='bbox 438 2084 522 2140; x_wconf 84' lang='lat' dir='ltr'>recte</span> <span class='ocrx_word' id='word_1_218' title='bbox 539 2077 735 2157; x_wconf 79' lang='lat' dir='ltr'>appellentur</span> <span class='ocrx_word' id='word_1_219' title='bbox 748 2073 909 2150; x_wconf 75' lang='lat' dir='ltr'>dilatoriae,</span> <span class='ocrx_word' id='word_1_220' title='bbox 930 2091 967 2137; x_wconf 87' lang='lat' dir='ltr'>ec</span> <span class='ocrx_word' id='word_1_221' title='bbox 982 2078 1056 2136; x_wconf 68' lang='lat' dir='ltr'>tene</span> <span class='ocrx_word' id='word_1_222' title='bbox 1110 2089 1165 2133; x_wconf 87' lang='lat' dir='ltr'>seu</span> <span class='ocrx_word' id='word_1_223' title='bbox 1188 2071 1257 2151; x_wconf 81' lang='lat' dir='ltr'>ejus</span> <span class='ocrx_word' id='word_1_224' title='bbox 1280 2067 1530 2149; x_wconf 77' lang='lat' dir='ltr'>jurisdicncneni</span> <span class='ocrx_word' id='word_1_225' title='bbox 1557 2069 1589 2130; x_wconf 87' lang='lat' dir='ltr'>in</span> <span class='ocrx_word' id='word_1_226' title='bbox 1617 2086 1650 2130; x_wconf 85' lang='lat' dir='ltr'>ec</span> <span class='ocrx_word' id='word_1_227' title='bbox 1673 2078 1881 2151; x_wconf 55' lang='lat' dir='ltr'>prorogarem</span> 
     </span>
     <span class='ocr_line' id='line_1_20' title="bbox 290 2158 1882 2254; baseline -0.005 -20"><span class='ocrx_word' id='word_1_228' title='bbox 290 2174 425 2254; x_wconf 82' lang='lat' dir='ltr'>pernice.</span> <span class='ocrx_word' id='word_1_229' title='bbox 448 2171 559 2250; x_wconf 84' lang='lat' dir='ltr'>sieque</span> <span class='ocrx_word' id='word_1_230' title='bbox 580 2169 720 2249; x_wconf 82' lang='lat' dir='ltr'>exceptio</span> <span class='ocrx_word' id='word_1_231' title='bbox 742 2169 989 2248; x_wconf 81' lang='lat' dir='ltr'>incompetentie</span> <span class='ocrx_word' id='word_1_232' title='bbox 1007 2170 1056 2247; x_wconf 82' lang='lat' dir='ltr'>ju·</span> <span class='ocrx_word' id='word_1_233' title='bbox 1086 2158 1195 2230; x_wconf 63' lang='lat' dir='ltr'>“unde</span> <span class='ocrx_word' id='word_1_234' title='bbox 1218 2181 1280 2226; x_wconf 89' lang='lat' dir='ltr'>non</span> <span class='ocrx_word' id='word_1_235' title='bbox 1305 2165 1411 2244; x_wconf 80' lang='lat' dir='ltr'>poscet</span> <span class='ocrx_word' id='word_1_236' title='bbox 1432 2161 1535 2242; x_wconf 87' lang='lat' dir='ltr'>ipsum</span> <span class='ocrx_word' id='word_1_237' title='bbox 1557 2161 1685 2224; x_wconf 78' lang='lat' dir='ltr'>ulter-ini</span> <span class='ocrx_word' id='word_1_238' title='bbox 1707 2161 1882 2242; x_wconf 78' lang='lat' dir='ltr'>declinere,</span> 
     </span>
     <span class='ocr_line' id='line_1_21' title="bbox 289 2253 1885 2348; baseline -0.006 -19"><span class='ocrx_word' id='word_1_239' title='bbox 289 2261 366 2330; x_wconf 80' lang='lat' dir='ltr'>dicis</span> <span class='ocrx_word' id='word_1_240' title='bbox 388 2263 548 2344; x_wconf 73' lang='lat' dir='ltr'>negotium</span> <span class='ocrx_word' id='word_1_241' title='bbox 570 2261 740 2344; x_wconf 73' lang='lat' dir='ltr'>principale</span> <span class='ocrx_word' id='word_1_242' title='bbox 761 2253 825 2321; x_wconf 85' lang='lat' dir='ltr'>non</span> <span class='ocrx_word' id='word_1_243' title='bbox 846 2259 983 2340; x_wconf 84' lang='lat' dir='ltr'>perimit,</span> <span class='ocrx_word' id='word_1_244' title='bbox 999 2259 1054 2322; x_wconf 83' lang='lat' dir='ltr'>ced</span> <span class='ocrx_word' id='word_1_245' title='bbox 1109 2261 1174 2348; x_wconf 81' lang='lat' dir='ltr'>eive</span> <span class='ocrx_word' id='word_1_246' title='bbox 1194 2273 1351 2319; x_wconf 84' lang='lat' dir='ltr'>recusure.</span> <span class='ocrx_word' id='word_1_247' title='bbox 1377 2254 1552 2318; x_wconf 75' lang='lat' dir='ltr'>concordat</span> <span class='ocrx_word' id='word_1_248' title='bbox 1571 2258 1673 2317; x_wconf 80' lang='lat' dir='ltr'>textus</span> <span class='ocrx_word' id='word_1_249' title='bbox 1695 2255 1728 2317; x_wconf 94' lang='lat' dir='ltr'>in</span> <span class='ocrx_word' id='word_1_250' title='bbox 1751 2275 1779 2318; x_wconf 89' lang='lat' dir='ltr'>c.</span> <span class='ocrx_word' id='word_1_251' title='bbox 1794 2256 1885 2320; x_wconf 82' lang='lat' dir='ltr'>luter</span> 
     </span>
     <span class='ocr_line' id='line_1_22' title="bbox 290 2347 1882 2433; baseline -0.007 -10"><span class='ocrx_word' id='word_1_252' title='bbox 290 2361 391 2423; x_wconf 81' lang='lat' dir='ltr'>solnm</span> <span class='ocrx_word' id='word_1_253' title='bbox 416 2357 491 2420; x_wconf 84' lang='lat' dir='ltr'>iecit</span> <span class='ocrx_word' id='word_1_254' title='bbox 516 2357 558 2418; x_wconf 88' lang='lat' dir='ltr'>ne&#39;</span> <span class='ocrx_word' id='word_1_255' title='bbox 592 2357 700 2418; x_wconf 80' lang='lat' dir='ltr'>cerem</span> <span class='ocrx_word' id='word_1_256' title='bbox 721 2349 783 2416; x_wconf 83' lang='lat' dir='ltr'>&#39;leli</span> <span class='ocrx_word' id='word_1_257' title='bbox 813 2351 1053 2433; x_wconf 78' lang='lat' dir='ltr'>incompetenti,</span> <span class='ocrx_word' id='word_1_258' title='bbox 1108 2350 1317 2414; x_wconf 63' lang='lat' dir='ltr'>emerico</span> <span class='ocrx_word' id='word_1_259' title='bbox 1337 2349 1516 2428; x_wconf 76' lang='lat' dir='ltr'>20.j11nctr</span> <span class='ocrx_word' id='word_1_260' title='bbox 1533 2347 1641 2410; x_wconf 76' lang='lat' dir='ltr'>eleseu</span> <span class='ocrx_word' id='word_1_261' title='bbox 1657 2366 1741 2410; x_wconf 62' lang='lat' dir='ltr'>rerer</span> <span class='ocrx_word' id='word_1_262' title='bbox 1755 2349 1882 2412; x_wconf 70' lang='lat' dir='ltr'>nemn-</span> 
     </span>
     <span class='ocr_line' id='line_1_23' title="bbox 291 2439 1886 2529; baseline -0.006 -15"><span class='ocrx_word' id='word_1_263' title='bbox 291 2454 345 2515; x_wconf 84' lang='lat' dir='ltr'>eut</span> <span class='ocrx_word' id='word_1_264' title='bbox 365 2452 508 2529; x_wconf 85' lang='lat' dir='ltr'>euepeeto</span> <span class='ocrx_word' id='word_1_265' title='bbox 528 2447 634 2529; x_wconf 83' lang='lat' dir='ltr'>judice</span> <span class='ocrx_word' id='word_1_266' title='bbox 653 2447 778 2509; x_wconf 78' lang='lat' dir='ltr'>tracturi</span> <span class='ocrx_word' id='word_1_267' title='bbox 801 2443 902 2508; x_wconf 83' lang='lat' dir='ltr'>relect</span> <span class='ocrx_word' id='word_1_268' title='bbox 918 2465 925 2507; x_wconf 91' lang='lat'><strong>:</strong></span> <span class='ocrx_word' id='word_1_269' title='bbox 942 2443 1007 2508; x_wconf 76' lang='lat' dir='ltr'>eive</span> <span class='ocrx_word' id='word_1_270' title='bbox 1021 2445 1056 2508; x_wconf 86' lang='lat' dir='ltr'>ut</span> <span class='ocrx_word' id='word_1_271' title='bbox 1111 2445 1197 2506; x_wconf 78' lang='lat' dir='ltr'>tinere</span> <span class='ocrx_word' id='word_1_272' title='bbox 1210 2441 1245 2505; x_wconf 84' lang='lat' dir='ltr'>cle</span> <span class='ocrx_word' id='word_1_273' title='bbox 1262 2442 1398 2506; x_wconf 83' lang='lat' dir='ltr'>Sentent.</span> <span class='ocrx_word' id='word_1_274' title='bbox 1414 2439 1613 2522; x_wconf 80' lang='lat' dir='ltr'>etrejcriicut.</span> <span class='ocrx_word' id='word_1_275' title='bbox 1625 2443 1886 2522; x_wconf 79' lang='lat' dir='ltr'>eetqneampline</span> 
     </span>
     <span class='ocr_line' id='line_1_24' title="bbox 288 2534 1885 2622; baseline -0.006 -15"><span class='ocrx_word' id='word_1_276' title='bbox 288 2544 401 2608; x_wconf 87' lang='lat' dir='ltr'>dicitur</span> <span class='ocrx_word' id='word_1_277' title='bbox 414 2542 436 2603; x_wconf 94' lang='lat' dir='ltr'>l.</span> <span class='ocrx_word' id='word_1_278' title='bbox 458 2544 493 2604; x_wconf 86' lang='lat' dir='ltr'>ll.</span> <span class='ocrx_word' id='word_1_279' title='bbox 513 2536 531 2622; x_wconf 65' lang='grc' dir='ltr'>ἐ</span> <span class='ocrx_word' id='word_1_280' title='bbox 548 2541 604 2603; x_wconf 84' lang='lat' dir='ltr'>liu.</span> <span class='ocrx_word' id='word_1_281' title='bbox 625 2541 659 2602; x_wconf 82' lang='lat' dir='ltr'>ff.</span> <span class='ocrx_word' id='word_1_282' title='bbox 683 2541 715 2601; x_wconf 88' lang='lat' dir='ltr'>h.</span> <span class='ocrx_word' id='word_1_283' title='bbox 730 2546 752 2601; x_wconf 85' lang='lat' dir='ltr'>t.</span> <span class='ocrx_word' id='word_1_284' title='bbox 777 2548 938 2619; x_wconf 76' lang='lat' dir='ltr'>opponens</span> <span class='ocrx_word' id='word_1_285' title='bbox 951 2539 1056 2618; x_wconf 86' lang='lat' dir='ltr'>hujus·</span> <span class='ocrx_word' id='word_1_286' title='bbox 1110 2537 1228 2599; x_wconf 84' lang='lat' dir='ltr'>diotunr</span> <span class='ocrx_word' id='word_1_287' title='bbox 1249 2535 1295 2600; x_wconf 89' lang='lat' dir='ltr'>tit.</span> <span class='ocrx_word' id='word_1_288' title='bbox 1321 2537 1359 2598; x_wconf 89' lang='grc' dir='ltr'>Π.</span> <span class='ocrx_word' id='word_1_289' title='bbox 1382 2534 1417 2598; x_wconf 75' lang='lat' dir='ltr'>de</span> <span class='ocrx_word' id='word_1_290' title='bbox 1438 2535 1519 2598; x_wconf 78' lang='lat' dir='ltr'>Fero</span> <span class='ocrx_word' id='word_1_291' title='bbox 1540 2541 1711 2617; x_wconf 67' lang='lat' dir='ltr'>conpeteret.</span> <span class='ocrx_word' id='word_1_292' title='bbox 1732 2535 1793 2616; x_wconf 66' lang='lat' dir='ltr'>§t</span> <span class='ocrx_word' id='word_1_293' title='bbox 1808 2541 1885 2600; x_wconf 84' lang='lat' dir='ltr'>n.&#39;l</span> 
     </span>
     <span class='ocr_line' id='line_1_25' title="bbox 207 2629 1186 2713; baseline -0.008 -14"><span class='ocrx_word' id='word_1_294' title='bbox 207 2697 211 2708; x_wconf 76' lang='grc'>,</span> <span class='ocrx_word' id='word_1_295' title='bbox 291 2636 373 2698; x_wconf 83' lang='lat' dir='ltr'>moui</span> <span class='ocrx_word' id='word_1_296' title='bbox 392 2633 604 2713; x_wconf 82' lang='lat' dir='ltr'>eireeptionenr</span> <span class='ocrx_word' id='word_1_297' title='bbox 624 2653 639 2691; x_wconf 84' lang='lat' dir='ltr'>r</span> <span class='ocrx_word' id='word_1_298' title='bbox 654 2645 717 2694; x_wconf 90' lang='lat' dir='ltr'>non</span> <span class='ocrx_word' id='word_1_299' title='bbox 736 2629 863 2711; x_wconf 71' lang='lat' dir='ltr'>piciens</span> <span class='ocrx_word' id='word_1_300' title='bbox 883 2632 970 2694; x_wconf 88' lang='lat' dir='ltr'>litem</span> <span class='ocrx_word' id='word_1_301' title='bbox 984 2633 1068 2700; x_wconf 79' lang='lat' dir='ltr'>iun.</span> <span class='ocrx_word' id='word_1_302' title='bbox 1110 2633 1142 2693; x_wconf 84' lang='lat' dir='ltr'>et</span> <span class='ocrx_word' id='word_1_303' title='bbox 1155 2633 1186 2693; x_wconf 89' lang='lat'>8.</span> 
     </span>
     <span class='ocr_line' id='line_1_26' title="bbox 290 2721 1886 2809; baseline -0.002 -18"><span class='ocrx_word' id='word_1_304' title='bbox 290 2731 399 2808; x_wconf 81' lang='lat' dir='ltr'>cietur,</span> <span class='ocrx_word' id='word_1_305' title='bbox 424 2729 481 2790; x_wconf 82' lang='lat' dir='ltr'>seri</span> <span class='ocrx_word' id='word_1_306' title='bbox 502 2725 669 2809; x_wconf 67' lang='lat' dir='ltr'>perennem</span> <span class='ocrx_word' id='word_1_307' title='bbox 688 2727 792 2788; x_wconf 85' lang='lat' dir='ltr'>evitet.</span> <span class='ocrx_word' id='word_1_308' title='bbox 809 2743 825 2784; x_wconf 79' lang='grc' dir='ltr'>ι</span> <span class='ocrx_word' id='word_1_309' title='bbox 842 2725 989 2789; x_wconf 76' lang='lat' dir='ltr'>Similiter</span> <span class='ocrx_word' id='word_1_310' title='bbox 1003 2742 1056 2788; x_wconf 83' lang='lat' dir='ltr'>ex·</span> <span class='ocrx_word' id='word_1_311' title='bbox 1150 2727 1198 2788; x_wconf 82' lang='lat' dir='ltr'>te.</span> <span class='ocrx_word' id='word_1_312' title='bbox 1213 2721 1292 2786; x_wconf 73' lang='lat' dir='ltr'>nee</span> <span class='ocrx_word' id='word_1_313' title='bbox 1306 2721 1464 2803; x_wconf 78' lang='lat' dir='ltr'>respiciunt</span> <span class='ocrx_word' id='word_1_314' title='bbox 1475 2739 1627 2804; x_wconf 69' lang='lat' dir='ltr'>pesonam</span> <span class='ocrx_word' id='word_1_315' title='bbox 1636 2723 1805 2786; x_wconf 56' lang='lat' dir='ltr'>oriere·</span> <span class='ocrx_word' id='word_1_316' title='bbox 1816 2723 1886 2788; x_wconf 83' lang='lat' dir='ltr'>Ex-</span> 
     </span>
     <span class='ocr_line' id='line_1_27' title="bbox 290 2813 1885 2902; baseline -0.003 -18"><span class='ocrx_word' id='word_1_317' title='bbox 290 2817 391 2902; x_wconf 83' lang='lat' dir='ltr'>ceptio</span> <span class='ocrx_word' id='word_1_318' title='bbox 406 2820 546 2882; x_wconf 85' lang='lat' dir='ltr'>diletoric</span> <span class='ocrx_word' id='word_1_319' title='bbox 561 2817 732 2899; x_wconf 80' lang='lat' dir='ltr'>iolntionis,</span> <span class='ocrx_word' id='word_1_320' title='bbox 753 2823 839 2897; x_wconf 79' lang='lat' dir='ltr'>putu,</span> <span class='ocrx_word' id='word_1_321' title='bbox 860 2819 1054 2897; x_wconf 82' lang='lat' dir='ltr'>exceptione</span> <span class='ocrx_word' id='word_1_322' title='bbox 1109 2817 1268 2898; x_wconf 81' lang='lat' dir='ltr'>ceptioncs</span> <span class='ocrx_word' id='word_1_323' title='bbox 1281 2815 1432 2878; x_wconf 72' lang='lat' dir='ltr'>dilatorie</span> <span class='ocrx_word' id='word_1_324' title='bbox 1446 2833 1517 2894; x_wconf 80' lang='lat' dir='ltr'>que</span> <span class='ocrx_word' id='word_1_325' title='bbox 1531 2813 1701 2895; x_wconf 81' lang='lat' dir='ltr'>respiciunt</span> <span class='ocrx_word' id='word_1_326' title='bbox 1711 2835 1885 2898; x_wconf 72' lang='lat' dir='ltr'>personum</span> 
     </span>
     <span class='ocr_line' id='line_1_28' title="bbox 291 2907 1888 2994; baseline -0.003 -18"><span class='ocrx_word' id='word_1_327' title='bbox 291 2931 353 2977; x_wconf 89' lang='lat' dir='ltr'>non</span> <span class='ocrx_word' id='word_1_328' title='bbox 367 2911 502 2994; x_wconf 79' lang='lat' dir='ltr'>petendo</span> <span class='ocrx_word' id='word_1_329' title='bbox 512 2917 585 2976; x_wconf 85' lang='lat' dir='ltr'>enie</span> <span class='ocrx_word' id='word_1_330' title='bbox 600 2911 720 2974; x_wconf 86' lang='lat' dir='ltr'>cerium</span> <span class='ocrx_word' id='word_1_331' title='bbox 730 2919 864 2991; x_wconf 85' lang='lat' dir='ltr'>tempne,</span> <span class='ocrx_word' id='word_1_332' title='bbox 879 2931 911 2971; x_wconf 86' lang='lat' dir='ltr'>v.</span> <span class='ocrx_word' id='word_1_333' title='bbox 921 2931 952 2991; x_wconf 75' lang='lat' dir='ltr'>g.</span> <span class='ocrx_word' id='word_1_334' title='bbox 965 2911 1055 2991; x_wconf 87' lang='lat' dir='ltr'>quiu—</span> <span class='ocrx_word' id='word_1_335' title='bbox 1108 2907 1459 2989; x_wconf 60' lang='lat' dir='ltr'>litigeniiemeuectoiis,</span> <span class='ocrx_word' id='word_1_336' title='bbox 1468 2909 1888 2990; x_wconf 80' lang='lat' dir='ltr'>enniillae,quaepropcnnn·</span> 
     </span>
     <span class='ocr_line' id='line_1_29' title="bbox 289 3001 1889 3086; baseline 0.001 -19"><span class='ocrx_word' id='word_1_337' title='bbox 289 3005 470 3086; x_wconf 84' lang='lat' dir='ltr'>quenninnr,</span> <span class='ocrx_word' id='word_1_338' title='bbox 496 3005 580 3086; x_wconf 84' lang='lat' dir='ltr'>qnod</span> <span class='ocrx_word' id='word_1_339' title='bbox 602 3003 791 3084; x_wconf 76' lang='lat' dir='ltr'>promissum</span> <span class='ocrx_word' id='word_1_340' title='bbox 812 3005 870 3082; x_wconf 84' lang='lat' dir='ltr'>esi,</span> <span class='ocrx_word' id='word_1_341' title='bbox 891 3016 955 3064; x_wconf 86' lang='lat' dir='ltr'>non</span> <span class='ocrx_word' id='word_1_342' title='bbox 978 3004 1056 3066; x_wconf 84' lang='lat' dir='ltr'>tollit</span> <span class='ocrx_word' id='word_1_343' title='bbox 1109 3006 1160 3064; x_wconf 86' lang='lat' dir='ltr'>tur</span> <span class='ocrx_word' id='word_1_344' title='bbox 1177 3002 1219 3066; x_wconf 86' lang='lat' dir='ltr'>ed</span> <span class='ocrx_word' id='word_1_345' title='bbox 1233 3001 1446 3080; x_wconf 88' lang='lat' dir='ltr'>repellendum</span> <span class='ocrx_word' id='word_1_346' title='bbox 1455 3010 1624 3082; x_wconf 76' lang='lat' dir='ltr'>personent</span> <span class='ocrx_word' id='word_1_347' title='bbox 1639 3003 1679 3064; x_wconf 87' lang='lat' dir='ltr'>eli</span> <span class='ocrx_word' id='word_1_348' title='bbox 1688 3003 1831 3084; x_wconf 77' lang='lat' dir='ltr'>egendo:</span> <span class='ocrx_word' id='word_1_349' title='bbox 1846 3011 1889 3069; x_wconf 85' lang='lat' dir='ltr'>ut</span> 
     </span>
     <span class='ocr_line' id='line_1_30' title="bbox 290 3093 1890 3179; baseline -0.001 -17"><span class='ocrx_word' id='word_1_350' title='bbox 290 3093 445 3162; x_wconf 80' lang='lat' dir='ltr'>notionem</span> <span class='ocrx_word' id='word_1_351' title='bbox 458 3097 497 3160; x_wconf 86' lang='lat' dir='ltr'>rie</span> <span class='ocrx_word' id='word_1_352' title='bbox 511 3097 660 3177; x_wconf 80' lang='lat' dir='ltr'>petendo,</span> <span class='ocrx_word' id='word_1_353' title='bbox 681 3097 738 3158; x_wconf 79' lang='lat' dir='ltr'>ced</span> <span class='ocrx_word' id='word_1_354' title='bbox 752 3097 864 3169; x_wconf 80' lang='lat' dir='ltr'>solnm,</span> <span class='ocrx_word' id='word_1_355' title='bbox 880 3114 919 3157; x_wconf 91' lang='lat' dir='ltr'>ne</span> <span class='ocrx_word' id='word_1_356' title='bbox 932 3097 987 3160; x_wconf 87' lang='lat' dir='ltr'>flet</span> <span class='ocrx_word' id='word_1_357' title='bbox 1001 3117 1057 3178; x_wconf 85' lang='lat' dir='ltr'>pc·</span> <span class='ocrx_word' id='word_1_358' title='bbox 1109 3095 1280 3178; x_wconf 80' lang='lat' dir='ltr'>excipietur</span> <span class='ocrx_word' id='word_1_359' title='bbox 1293 3102 1401 3179; x_wconf 80' lang='lat' dir='ltr'>contre</span> <span class='ocrx_word' id='word_1_360' title='bbox 1422 3098 1570 3170; x_wconf 83' lang='lat' dir='ltr'>ociorem,</span> <span class='ocrx_word' id='word_1_361' title='bbox 1594 3096 1679 3174; x_wconf 85' lang='lat' dir='ltr'>quod</span> <span class='ocrx_word' id='word_1_362' title='bbox 1699 3096 1739 3158; x_wconf 82' lang='lat' dir='ltr'>eit</span> <span class='ocrx_word' id='word_1_363' title='bbox 1757 3115 1890 3160; x_wconf 85' lang='lat' dir='ltr'>exeom-</span> 
     </span>
     <span class='ocr_line' id='line_1_31' title="bbox 290 3185 1890 3268; baseline -0.002 -12"><span class='ocrx_word' id='word_1_364' title='bbox 290 3191 357 3256; x_wconf 86' lang='lat' dir='ltr'>titio</span> <span class='ocrx_word' id='word_1_365' title='bbox 384 3189 479 3252; x_wconf 80' lang='lat' dir='ltr'>donni</span> <span class='ocrx_word' id='word_1_366' title='bbox 506 3193 579 3252; x_wconf 82' lang='lat' dir='ltr'>unte</span> <span class='ocrx_word' id='word_1_367' title='bbox 606 3190 668 3252; x_wconf 82' lang='lat' dir='ltr'>lule</span> <span class='ocrx_word' id='word_1_368' title='bbox 692 3195 814 3268; x_wconf 88' lang='lat' dir='ltr'>tempus</span> <span class='ocrx_word' id='word_1_369' title='bbox 836 3189 945 3268; x_wconf 75' lang='lat' dir='ltr'>poetic</span> <span class='ocrx_word' id='word_1_370' title='bbox 971 3191 1056 3252; x_wconf 88' lang='lat' dir='ltr'>enim</span> <span class='ocrx_word' id='word_1_371' title='bbox 1109 3188 1302 3262; x_wconf 77' lang='lat' dir='ltr'>munientur,</span> <span class='ocrx_word' id='word_1_372' title='bbox 1318 3185 1525 3268; x_wconf 67' lang='lat' dir='ltr'>proscriptus,</span> <span class='ocrx_word' id='word_1_373' title='bbox 1540 3187 1693 3267; x_wconf 85' lang='lat' dir='ltr'>pupillus,</span> <span class='ocrx_word' id='word_1_374' title='bbox 1716 3191 1764 3250; x_wconf 84' lang='lat' dir='ltr'>vel</span> <span class='ocrx_word' id='word_1_375' title='bbox 1778 3190 1890 3253; x_wconf 89' lang='lat' dir='ltr'>minor</span> 
     </span>
     <span class='ocr_line' id='line_1_32' title="bbox 289 3280 1889 3365; baseline 0.001 -19"><span class='ocrx_word' id='word_1_376' title='bbox 289 3285 351 3365; x_wconf 88' lang='lat' dir='ltr'>peti</span> <span class='ocrx_word' id='word_1_377' title='bbox 373 3285 501 3362; x_wconf 82' lang='lat' dir='ltr'>potest:</span> <span class='ocrx_word' id='word_1_378' title='bbox 523 3299 560 3345; x_wconf 87' lang='lat' dir='ltr'>ec</span> <span class='ocrx_word' id='word_1_379' title='bbox 581 3281 664 3344; x_wconf 91' lang='lat' dir='ltr'>idem</span> <span class='ocrx_word' id='word_1_380' title='bbox 687 3281 858 3345; x_wconf 87' lang='lat' dir='ltr'>dicendum</span> <span class='ocrx_word' id='word_1_381' title='bbox 878 3280 917 3343; x_wconf 86' lang='lat' dir='ltr'>de</span> <span class='ocrx_word' id='word_1_382' title='bbox 933 3282 1053 3344; x_wconf 83' lang='lat' dir='ltr'>eliisei-</span> <span class='ocrx_word' id='word_1_383' title='bbox 1110 3282 1217 3364; x_wconf 78' lang='lat' dir='ltr'>uiginti</span> <span class='ocrx_word' id='word_1_384' title='bbox 1241 3281 1378 3359; x_wconf 88' lang='lat' dir='ltr'>quinque</span> <span class='ocrx_word' id='word_1_385' title='bbox 1398 3281 1500 3356; x_wconf 83' lang='lat' dir='ltr'>annis,</span> <span class='ocrx_word' id='word_1_386' title='bbox 1524 3281 1577 3360; x_wconf 88' lang='lat' dir='ltr'>qui</span> <span class='ocrx_word' id='word_1_387' title='bbox 1599 3281 1666 3343; x_wconf 86' lang='lat' dir='ltr'>sine</span> <span class='ocrx_word' id='word_1_388' title='bbox 1692 3289 1805 3358; x_wconf 89' lang='lat' dir='ltr'>tutore,</span> <span class='ocrx_word' id='word_1_389' title='bbox 1828 3288 1889 3348; x_wconf 86' lang='lat' dir='ltr'>vel</span> 
     </span>
     <span class='ocr_line' id='line_1_33' title="bbox 287 3375 1888 3456; baseline 0 -16"><span class='ocrx_word' id='word_1_390' title='bbox 287 3375 421 3440; x_wconf 73' lang='lat' dir='ltr'>milleni.</span> <span class='ocrx_word' id='word_1_391' title='bbox 1110 3375 1888 3456; x_wconf 76' lang='lat' dir='ltr'>curatore,nonpossnnlcomperere&#39;injudicioed</span> 
     </span>
    </p>
   </div>
   <div class='ocr_carea' id='block_1_4' title="bbox 244 3557 1895 5230">
    <p class='ocr_par' dir='ltr' id='par_1_5' title="bbox 244 3557 1895 5230">
     <span class='ocr_line' id='line_1_34' title="bbox 287 3557 1891 3647; baseline -0.004 -15"><span class='ocrx_word' id='word_1_392' title='bbox 287 3557 509 3647; x_wconf 67' lang='lat' dir='ltr'>edissererem.</span> <span class='ocrx_word' id='word_1_393' title='bbox 530 3596 568 3610; x_wconf 84' lang='lat'><em>-</em></span> <span class='ocrx_word' id='word_1_394' title='bbox 585 3561 675 3627; x_wconf 83' lang='lat' dir='ltr'>Unde</span> <span class='ocrx_word' id='word_1_395' title='bbox 697 3561 870 3625; x_wconf 79' lang='lat' dir='ltr'>nolendum</span> <span class='ocrx_word' id='word_1_396' title='bbox 885 3581 957 3624; x_wconf 90' lang='lat' dir='ltr'>enm</span> <span class='ocrx_word' id='word_1_397' title='bbox 979 3565 1057 3625; x_wconf 74' lang='lat' dir='ltr'>Mar</span> <span class='ocrx_word' id='word_1_398' title='bbox 1112 3570 1218 3626; x_wconf 79' lang='lat' dir='ltr'>contre</span> <span class='ocrx_word' id='word_1_399' title='bbox 1245 3562 1492 3640; x_wconf 81' lang='lat' dir='ltr'>procuratorem,</span> <span class='ocrx_word' id='word_1_400' title='bbox 1521 3559 1607 3640; x_wconf 71' lang='lat' dir='ltr'>quon</span> <span class='ocrx_word' id='word_1_401' title='bbox 1633 3561 1673 3624; x_wconf 88' lang='lat' dir='ltr'>sit</span> <span class='ocrx_word' id='word_1_402' title='bbox 1692 3563 1793 3641; x_wconf 83' lang='lat' dir='ltr'>miles,</span> <span class='ocrx_word' id='word_1_403' title='bbox 1821 3565 1891 3627; x_wconf 68' lang='grc' dir='ltr'>ἰω-</span> 
     </span>
     <span class='ocr_line' id='line_1_35' title="bbox 288 3653 1890 3737; baseline 0.001 -17"><span class='ocrx_word' id='word_1_404' title='bbox 288 3665 377 3721; x_wconf 86' lang='lat' dir='ltr'>rente</span> <span class='ocrx_word' id='word_1_405' title='bbox 386 3662 464 3737; x_wconf 84' lang='lat' dir='ltr'>pert.</span> <span class='ocrx_word' id='word_1_406' title='bbox 478 3656 526 3718; x_wconf 89' lang='lat' dir='ltr'>Vl.</span> <span class='ocrx_word' id='word_1_407' title='bbox 539 3653 657 3736; x_wconf 75' lang='lat' dir='ltr'>Spemli</span> <span class='ocrx_word' id='word_1_408' title='bbox 667 3653 923 3729; x_wconf 83' lang='lat' dir='ltr'>eurei,membro.</span> <span class='ocrx_word' id='word_1_409' title='bbox 934 3658 963 3718; x_wconf 89' lang='grc'>9.</span> <span class='ocrx_word' id='word_1_410' title='bbox 980 3674 1012 3717; x_wconf 91' lang='grc' dir='ltr'>ι.</span> <span class='ocrx_word' id='word_1_411' title='bbox 1025 3657 1053 3716; x_wconf 90' lang='lat' dir='ltr'>l.</span> <span class='ocrx_word' id='word_1_412' title='bbox 1111 3657 1206 3732; x_wconf 87' lang='lat' dir='ltr'>mine,</span> <span class='ocrx_word' id='word_1_413' title='bbox 1223 3657 1386 3718; x_wconf 73' lang='lat' dir='ltr'>accusetur</span> <span class='ocrx_word' id='word_1_414' title='bbox 1400 3653 1440 3716; x_wconf 89' lang='lat' dir='ltr'>de</span> <span class='ocrx_word' id='word_1_415' title='bbox 1459 3654 1600 3732; x_wconf 84' lang='lat' dir='ltr'>crimine,</span> <span class='ocrx_word' id='word_1_416' title='bbox 1615 3653 1665 3717; x_wconf 76' lang='lat' dir='ltr'>iel</span> <span class='ocrx_word' id='word_1_417' title='bbox 1679 3656 1763 3736; x_wconf 87' lang='lat' dir='ltr'>quod</span> <span class='ocrx_word' id='word_1_418' title='bbox 1776 3665 1890 3722; x_wconf 76' lang='lat' dir='ltr'>careat</span> 
     </span>
     <span class='ocr_line' id='line_1_36' title="bbox 244 3745 1886 3830; baseline 0 -17"><span class='ocrx_word' id='word_1_419' title='bbox 244 3762 255 3772; x_wconf 85' lang='grc'><em>“</em></span> <span class='ocrx_word' id='word_1_420' title='bbox 288 3747 690 3830; x_wconf 81' lang='lat' dir='ltr'>Siegismnnd.Sceoeielih.</span> <span class='ocrx_word' id='word_1_421' title='bbox 704 3745 1055 3828; x_wconf 70' lang='lat' dir='ltr'>l.rleledict&#39;ir,cep.cr,</span> <span class='ocrx_word' id='word_1_422' title='bbox 1111 3749 1274 3822; x_wconf 78' lang='lat' dir='ltr'>mundato,</span> <span class='ocrx_word' id='word_1_423' title='bbox 1294 3765 1351 3808; x_wconf 85' lang='lat' dir='ltr'>eeu</span> <span class='ocrx_word' id='word_1_424' title='bbox 1374 3763 1438 3808; x_wconf 90' lang='lat' dir='ltr'>nen</span> <span class='ocrx_word' id='word_1_425' title='bbox 1460 3747 1502 3810; x_wconf 82' lang='lat' dir='ltr'>eit</span> <span class='ocrx_word' id='word_1_426' title='bbox 1523 3747 1661 3829; x_wconf 78' lang='lat' dir='ltr'>legitime</span> <span class='ocrx_word' id='word_1_427' title='bbox 1685 3749 1886 3825; x_wconf 68' lang='lat' dir='ltr'>constitutae,</span> 
     </span>
     <span class='ocr_line' id='line_1_37' title="bbox 288 3839 1889 3924; baseline -0.001 -15"><span class='ocrx_word' id='word_1_428' title='bbox 288 3862 318 3907; x_wconf 91' lang='lat' dir='ltr'>n.</span> <span class='ocrx_word' id='word_1_429' title='bbox 335 3839 990 3922; x_wconf 78' lang='lat' dir='ltr'>e.eteniequonexcepttoneenelctcrieiin</span> <span class='ocrx_word' id='word_1_430' title='bbox 1004 3841 1057 3903; x_wconf 85' lang='lat' dir='ltr'>tri·</span> <span class='ocrx_word' id='word_1_431' title='bbox 1112 3853 1170 3909; x_wconf 88' lang='lat' dir='ltr'>etc.</span> <span class='ocrx_word' id='word_1_432' title='bbox 1198 3841 1267 3907; x_wconf 79' lang='lat' dir='ltr'>nuc</span> <span class='ocrx_word' id='word_1_433' title='bbox 1293 3843 1387 3905; x_wconf 84' lang='lat' dir='ltr'>etiem</span> <span class='ocrx_word' id='word_1_434' title='bbox 1415 3843 1570 3922; x_wconf 73' lang='lat' dir='ltr'>perenne</span> <span class='ocrx_word' id='word_1_435' title='bbox 1594 3845 1792 3924; x_wconf 83' lang='lat' dir='ltr'>exceptiones</span> <span class='ocrx_word' id='word_1_436' title='bbox 1810 3845 1889 3908; x_wconf 75' lang='lat' dir='ltr'>ilie</span> 
     </span>
     <span class='ocr_line' id='line_1_38' title="bbox 286 3933 1890 4020; baseline -0.001 -21"><span class='ocrx_word' id='word_1_437' title='bbox 286 3937 358 4016; x_wconf 87' lang='lat' dir='ltr'>plici</span> <span class='ocrx_word' id='word_1_438' title='bbox 381 3936 443 3998; x_wconf 83' lang='lat' dir='ltr'>sini</span> <span class='ocrx_word' id='word_1_439' title='bbox 462 3933 651 3998; x_wconf 80' lang='lat' dir='ltr'>differentia:</span> <span class='ocrx_word' id='word_1_440' title='bbox 683 3949 757 3996; x_wconf 86' lang='lat' dir='ltr'>nem</span> <span class='ocrx_word' id='word_1_441' title='bbox 779 3935 924 4014; x_wconf 77' lang='lat' dir='ltr'>quedam</span> <span class='ocrx_word' id='word_1_442' title='bbox 948 3952 1056 3996; x_wconf 86' lang='lat' dir='ltr'>eernrn</span> <span class='ocrx_word' id='word_1_443' title='bbox 1112 3955 1182 4020; x_wconf 71' lang='lat' dir='ltr'>que</span> <span class='ocrx_word' id='word_1_444' title='bbox 1197 3941 1378 4016; x_wconf 84' lang='lat' dir='ltr'>competunt</span> <span class='ocrx_word' id='word_1_445' title='bbox 1389 3937 1457 4010; x_wconf 87' lang='lat' dir='ltr'>r&#39;eo,</span> <span class='ocrx_word' id='word_1_446' title='bbox 1472 3935 1498 3998; x_wconf 84' lang='lat' dir='ltr'>ei</span> <span class='ocrx_word' id='word_1_447' title='bbox 1514 3936 1542 3998; x_wconf 87' lang='lat' dir='ltr'>is</span> <span class='ocrx_word' id='word_1_448' title='bbox 1557 3943 1777 4015; x_wconf 66' lang='lat' dir='ltr'>conpleretur,</span> <span class='ocrx_word' id='word_1_449' title='bbox 1793 3955 1828 3999; x_wconf 87' lang='lat' dir='ltr'>ee</span> <span class='ocrx_word' id='word_1_450' title='bbox 1842 3937 1890 3998; x_wconf 78' lang='lat' dir='ltr'>ch</span> 
     </span>
     <span class='ocr_line' id='line_1_39' title="bbox 286 4026 1891 4110; baseline 0.002 -19"><span class='ocrx_word' id='word_1_451' title='bbox 286 4029 456 4109; x_wconf 64' lang='lat' dir='ltr'>respiciunt</span> <span class='ocrx_word' id='word_1_452' title='bbox 470 4034 639 4110; x_wconf 79' lang='lat' dir='ltr'>perennem</span> <span class='ocrx_word' id='word_1_453' title='bbox 651 4027 776 4108; x_wconf 74' lang='lat' dir='ltr'>judicie,</span> <span class='ocrx_word' id='word_1_454' title='bbox 793 4027 935 4106; x_wconf 70' lang='lat' dir='ltr'>quedem</span> <span class='ocrx_word' id='word_1_455' title='bbox 950 4043 1059 4108; x_wconf 85' lang='lat' dir='ltr'>pereo-</span> <span class='ocrx_word' id='word_1_456' title='bbox 1112 4036 1217 4094; x_wconf 78' lang='lat' dir='ltr'>actore</span> <span class='ocrx_word' id='word_1_457' title='bbox 1250 4028 1346 4090; x_wconf 79' lang='lat' dir='ltr'>fuisse</span> <span class='ocrx_word' id='word_1_458' title='bbox 1382 4026 1573 4106; x_wconf 68' lang='lat' dir='ltr'>spoletium</span> <span class='ocrx_word' id='word_1_459' title='bbox 1609 4027 1716 4106; x_wconf 75' lang='lat' dir='ltr'>sicque</span> <span class='ocrx_word' id='word_1_460' title='bbox 1749 4030 1891 4109; x_wconf 82' lang='lat' dir='ltr'>excipiet</span> 
     </span>
     <span class='ocr_line' id='line_1_40' title="bbox 287 4121 1889 4204; baseline -0.001 -17"><span class='ocrx_word' id='word_1_461' title='bbox 287 4141 362 4188; x_wconf 85' lang='lat' dir='ltr'>nern</span> <span class='ocrx_word' id='word_1_462' title='bbox 383 4123 541 4204; x_wconf 78' lang='lat' dir='ltr'>litigantis,</span> <span class='ocrx_word' id='word_1_463' title='bbox 561 4123 706 4202; x_wconf 78' lang='lat' dir='ltr'>quedem</span> <span class='ocrx_word' id='word_1_464' title='bbox 719 4138 792 4184; x_wconf 81' lang='lat' dir='ltr'>vero</span> <span class='ocrx_word' id='word_1_465' title='bbox 803 4123 974 4203; x_wconf 84' lang='lat' dir='ltr'>respiciunt</span> <span class='ocrx_word' id='word_1_466' title='bbox 987 4138 1059 4185; x_wconf 89' lang='lat' dir='ltr'>cnu-</span> <span class='ocrx_word' id='word_1_467' title='bbox 1113 4129 1222 4190; x_wconf 86' lang='lat' dir='ltr'>conire</span> <span class='ocrx_word' id='word_1_468' title='bbox 1236 4134 1320 4198; x_wconf 90' lang='lat' dir='ltr'>enm,</span> <span class='ocrx_word' id='word_1_469' title='bbox 1338 4121 1424 4200; x_wconf 85' lang='lat' dir='ltr'>quod</span> <span class='ocrx_word' id='word_1_470' title='bbox 1437 4137 1500 4181; x_wconf 91' lang='lat' dir='ltr'>nun</span> <span class='ocrx_word' id='word_1_471' title='bbox 1520 4126 1669 4184; x_wconf 82' lang='lat' dir='ltr'>tenentur</span> <span class='ocrx_word' id='word_1_472' title='bbox 1680 4121 1889 4201; x_wconf 80' lang='lat' dir='ltr'>respondere,</span> 
     </span>
     <span class='ocr_line' id='line_1_41' title="bbox 289 4213 1888 4296; baseline 0 -19"><span class='ocrx_word' id='word_1_473' title='bbox 289 4219 483 4296; x_wconf 74' lang='lat' dir='ltr'>semipsum.</span> <span class='ocrx_word' id='word_1_474' title='bbox 499 4215 696 4294; x_wconf 80' lang='lat' dir='ltr'>nequidem:</span> <span class='ocrx_word' id='word_1_475' title='bbox 1112 4217 1171 4279; x_wconf 79' lang='lat' dir='ltr'>nisi</span> <span class='ocrx_word' id='word_1_476' title='bbox 1194 4216 1281 4296; x_wconf 87' lang='lat' dir='ltr'>prius</span> <span class='ocrx_word' id='word_1_477' title='bbox 1306 4214 1469 4296; x_wconf 72' lang='lat' dir='ltr'>rectitntus</span> <span class='ocrx_word' id='word_1_478' title='bbox 1487 4214 1536 4287; x_wconf 86' lang='lat' dir='ltr'>sit,</span> <span class='ocrx_word' id='word_1_479' title='bbox 1560 4231 1630 4295; x_wconf 78' lang='lat' dir='ltr'>cup.</span> <span class='ocrx_word' id='word_1_480' title='bbox 1651 4231 1672 4276; x_wconf 68' lang='grc' dir='ltr'>ι,</span> <span class='ocrx_word' id='word_1_481' title='bbox 1688 4213 1725 4275; x_wconf 84' lang='lat' dir='ltr'>de</span> <span class='ocrx_word' id='word_1_482' title='bbox 1742 4214 1888 4278; x_wconf 69' lang='lat' dir='ltr'>neom.</span> 
     </span>
     <span class='ocr_line' id='line_1_42' title="bbox 327 4307 1891 4393; baseline 0.003 -23"><span class='ocrx_word' id='word_1_483' title='bbox 327 4312 376 4373; x_wconf 86' lang='lat' dir='ltr'>ll.</span> <span class='ocrx_word' id='word_1_484' title='bbox 398 4309 595 4372; x_wconf 79' lang='lat' dir='ltr'>Horcmulie</span> <span class='ocrx_word' id='word_1_485' title='bbox 608 4308 1056 4392; x_wconf 74' lang='lat' dir='ltr'>respiciurttpereoncmjudicir‚</span> <span class='ocrx_word' id='word_1_486' title='bbox 1112 4310 1228 4393; x_wconf 78' lang='lat' dir='ltr'>spoliet.</span> <span class='ocrx_word' id='word_1_487' title='bbox 1243 4311 1275 4372; x_wconf 91' lang='lat' dir='ltr'>in</span> <span class='ocrx_word' id='word_1_488' title='bbox 1289 4313 1319 4372; x_wconf 82' lang='lat' dir='ltr'>e.</span> <span class='ocrx_word' id='word_1_489' title='bbox 1344 4311 1408 4371; x_wconf 82' lang='lat' dir='ltr'>A&#39;ut</span> <span class='ocrx_word' id='word_1_490' title='bbox 1427 4307 1452 4369; x_wconf 84' lang='lat' dir='ltr'>si</span> <span class='ocrx_word' id='word_1_491' title='bbox 1474 4326 1547 4370; x_wconf 84' lang='lat' dir='ltr'>reus</span> <span class='ocrx_word' id='word_1_492' title='bbox 1569 4324 1608 4371; x_wconf 87' lang='lat' dir='ltr'>ex</span> <span class='ocrx_word' id='word_1_493' title='bbox 1628 4309 1767 4389; x_wconf 76' lang='lat' dir='ltr'>legitime</span> <span class='ocrx_word' id='word_1_494' title='bbox 1786 4327 1891 4374; x_wconf 81' lang='lat' dir='ltr'>caneo</span> 
     </span>
     <span class='ocr_line' id='line_1_43' title="bbox 288 4399 1890 4486; baseline -0.001 -20"><span class='ocrx_word' id='word_1_495' title='bbox 288 4411 391 4486; x_wconf 75' lang='lat' dir='ltr'>queo</span> <span class='ocrx_word' id='word_1_496' title='bbox 403 4399 613 4467; x_wconf 82' lang='lat' dir='ltr'>declineto&#39;iiee</span> <span class='ocrx_word' id='word_1_497' title='bbox 627 4400 687 4464; x_wconf 90' lang='lat' dir='ltr'>ieri</span> <span class='ocrx_word' id='word_1_498' title='bbox 700 4400 1059 4484; x_wconf 63' lang='lat' dir='ltr'>dimotum-Exceptio·</span> <span class='ocrx_word' id='word_1_499' title='bbox 1112 4411 1256 4468; x_wconf 85' lang='lat' dir='ltr'>ectcrem</span> <span class='ocrx_word' id='word_1_500' title='bbox 1271 4405 1398 4464; x_wconf 76' lang='lat' dir='ltr'>revocet·</span> <span class='ocrx_word' id='word_1_501' title='bbox 1415 4400 1555 4476; x_wconf 87' lang='lat' dir='ltr'>demum,</span> <span class='ocrx_word' id='word_1_502' title='bbox 1574 4402 1595 4463; x_wconf 92' lang='lat' dir='ltr'>i.</span> <span class='ocrx_word' id='word_1_503' title='bbox 1618 4403 1654 4464; x_wconf 90' lang='lat' dir='ltr'>ll.</span> <span class='ocrx_word' id='word_1_504' title='bbox 1669 4402 1688 4482; x_wconf 77' lang='lat'><strong>§</strong></span> <span class='ocrx_word' id='word_1_505' title='bbox 1702 4401 1831 4483; x_wconf 74' lang='lat' dir='ltr'>Leputei.</span> <span class='ocrx_word' id='word_1_506' title='bbox 1851 4405 1890 4464; x_wconf 83' lang='lat' dir='ltr'>ii.</span> 
     </span>
     <span class='ocr_line' id='line_1_44' title="bbox 287 4487 1894 4580; baseline -0.002 -19"><span class='ocrx_word' id='word_1_507' title='bbox 287 4498 932 4580; x_wconf 77' lang='lat' dir='ltr'>nesrespicientespersonumjudicie‚qne</span> <span class='ocrx_word' id='word_1_508' title='bbox 942 4505 973 4561; x_wconf 89' lang='lat' dir='ltr'>et</span> <span class='ocrx_word' id='word_1_509' title='bbox 984 4499 1058 4558; x_wconf 82' lang='lat' dir='ltr'>cde-</span> <span class='ocrx_word' id='word_1_510' title='bbox 1112 4498 1147 4560; x_wconf 81' lang='lat' dir='ltr'>rie</span> <span class='ocrx_word' id='word_1_511' title='bbox 1159 4487 1295 4559; x_wconf 67' lang='lat' dir='ltr'>derilictis.</span> <span class='ocrx_word' id='word_1_512' title='bbox 1307 4497 1424 4559; x_wconf 86' lang='lat' dir='ltr'>Omnes</span> <span class='ocrx_word' id='word_1_513' title='bbox 1436 4495 1521 4556; x_wconf 90' lang='lat' dir='ltr'>enim</span> <span class='ocrx_word' id='word_1_514' title='bbox 1536 4495 1713 4575; x_wconf 83' lang='lat' dir='ltr'>hujusmodi</span> <span class='ocrx_word' id='word_1_515' title='bbox 1728 4497 1894 4574; x_wconf 78' lang='lat' dir='ltr'>exceptio-</span> 
     </span>
     <span class='ocr_line' id='line_1_45' title="bbox 287 4587 1894 4670; baseline -0.002 -14"><span class='ocrx_word' id='word_1_516' title='bbox 287 4592 443 4656; x_wconf 83' lang='lat' dir='ltr'>clinetorre</span> <span class='ocrx_word' id='word_1_517' title='bbox 452 4591 531 4654; x_wconf 82' lang='lat' dir='ltr'>loric</span> <span class='ocrx_word' id='word_1_518' title='bbox 545 4592 700 4670; x_wconf 82' lang='lat' dir='ltr'>dicuntur,</span> <span class='ocrx_word' id='word_1_519' title='bbox 717 4606 755 4654; x_wconf 86' lang='lat' dir='ltr'>ex</span> <span class='ocrx_word' id='word_1_520' title='bbox 770 4588 972 4652; x_wconf 83' lang='lat' dir='ltr'>reriieceusis</span> <span class='ocrx_word' id='word_1_521' title='bbox 984 4591 1058 4652; x_wconf 90' lang='lat' dir='ltr'>oriri</span> <span class='ocrx_word' id='word_1_522' title='bbox 1113 4607 1170 4652; x_wconf 83' lang='lat' dir='ltr'>nee</span> <span class='ocrx_word' id='word_1_523' title='bbox 1190 4589 1361 4669; x_wconf 80' lang='lat' dir='ltr'>respiciunt</span> <span class='ocrx_word' id='word_1_524' title='bbox 1387 4587 1617 4666; x_wconf 84' lang='lat' dir='ltr'>quodammodo</span> <span class='ocrx_word' id='word_1_525' title='bbox 1640 4605 1806 4668; x_wconf 80' lang='lat' dir='ltr'>perennem</span> <span class='ocrx_word' id='word_1_526' title='bbox 1823 4589 1894 4652; x_wconf 83' lang='lat' dir='ltr'>riti-</span> 
     </span>
     <span class='ocr_line' id='line_1_46' title="bbox 288 4680 1895 4766; baseline -0.002 -18"><span class='ocrx_word' id='word_1_527' title='bbox 288 4690 436 4766; x_wconf 84' lang='lat' dir='ltr'>poseunt:</span> <span class='ocrx_word' id='word_1_528' title='bbox 451 4689 537 4765; x_wconf 84' lang='lat' dir='ltr'>pute,</span> <span class='ocrx_word' id='word_1_529' title='bbox 554 4685 626 4764; x_wconf 87' lang='lat' dir='ltr'>quic</span> <span class='ocrx_word' id='word_1_530' title='bbox 640 4685 747 4748; x_wconf 81' lang='lat' dir='ltr'>contra</span> <span class='ocrx_word' id='word_1_531' title='bbox 758 4684 897 4764; x_wconf 86' lang='lat' dir='ltr'>judicem</span> <span class='ocrx_word' id='word_1_532' title='bbox 908 4683 1058 4764; x_wconf 89' lang='lat' dir='ltr'>excipitur</span> <span class='ocrx_word' id='word_1_533' title='bbox 1113 4683 1226 4766; x_wconf 77' lang='lat' dir='ltr'>gentis,</span> <span class='ocrx_word' id='word_1_534' title='bbox 1248 4686 1384 4762; x_wconf 87' lang='lat' dir='ltr'>suntque</span> <span class='ocrx_word' id='word_1_535' title='bbox 1403 4680 1553 4744; x_wconf 77' lang='lat' dir='ltr'>dilutcrie</span> <span class='ocrx_word' id='word_1_536' title='bbox 1571 4705 1579 4745; x_wconf 77' lang='lat' dir='ltr'>r</span> <span class='ocrx_word' id='word_1_537' title='bbox 1601 4682 1758 4762; x_wconf 78' lang='lat' dir='ltr'>quianon</span> <span class='ocrx_word' id='word_1_538' title='bbox 1777 4683 1895 4746; x_wconf 86' lang='lat' dir='ltr'>exelu-</span> 
     </span>
     <span class='ocr_line' id='line_1_47' title="bbox 287 4775 1893 4857; baseline -0.002 -14"><span class='ocrx_word' id='word_1_539' title='bbox 287 4785 439 4857; x_wconf 81' lang='lat' dir='ltr'>tanquam</span> <span class='ocrx_word' id='word_1_540' title='bbox 465 4778 747 4857; x_wconf 83' lang='lat' dir='ltr'>incompetentem,</span> <span class='ocrx_word' id='word_1_541' title='bbox 767 4782 830 4839; x_wconf 69' lang='lat' dir='ltr'>⁴eut</span> <span class='ocrx_word' id='word_1_542' title='bbox 856 4777 1058 4856; x_wconf 83' lang='lat' dir='ltr'>impetretnm</span> <span class='ocrx_word' id='word_1_543' title='bbox 1111 4779 1190 4841; x_wconf 86' lang='lat' dir='ltr'>dunt</span> <span class='ocrx_word' id='word_1_544' title='bbox 1220 4775 1375 4840; x_wconf 81' lang='lat' dir='ltr'>notionem</span> <span class='ocrx_word' id='word_1_545' title='bbox 1413 4775 1444 4836; x_wconf 92' lang='lat' dir='ltr'>in</span> <span class='ocrx_word' id='word_1_546' title='bbox 1481 4779 1608 4852; x_wconf 85' lang='lat' dir='ltr'>totum,</span> <span class='ocrx_word' id='word_1_547' title='bbox 1638 4775 1694 4837; x_wconf 82' lang='lat' dir='ltr'>sed</span> <span class='ocrx_word' id='word_1_548' title='bbox 1731 4775 1893 4839; x_wconf 72' lang='lat' dir='ltr'>duntaxat</span> 
     </span>
     <span class='ocr_line' id='line_1_48' title="bbox 288 4867 1892 4951; baseline -0.002 -17"><span class='ocrx_word' id='word_1_549' title='bbox 288 4869 444 4934; x_wconf 76' lang='lat' dir='ltr'>mediante</span> <span class='ocrx_word' id='word_1_550' title='bbox 467 4869 617 4947; x_wconf 87' lang='lat' dir='ltr'>rescripto</span> <span class='ocrx_word' id='word_1_551' title='bbox 640 4869 822 4950; x_wconf 81' lang='lat' dir='ltr'>subreptitie</span> <span class='ocrx_word' id='word_1_552' title='bbox 843 4869 986 4946; x_wconf 84' lang='lat' dir='ltr'>obtento,</span> <span class='ocrx_word' id='word_1_553' title='bbox 1008 4868 1057 4931; x_wconf 86' lang='lat' dir='ltr'>rel</span> <span class='ocrx_word' id='word_1_554' title='bbox 1082 4906 1088 4918; x_wconf 85' lang='lat'>-</span> <span class='ocrx_word' id='word_1_555' title='bbox 1112 4867 1306 4951; x_wconf 75' lang='lat' dir='ltr'>suspendunt</span> <span class='ocrx_word' id='word_1_556' title='bbox 1319 4885 1379 4930; x_wconf 84' lang='lat' dir='ltr'>sen</span> <span class='ocrx_word' id='word_1_557' title='bbox 1392 4867 1663 4942; x_wconf 84' lang='lat' dir='ltr'>differunl,dcnee</span> <span class='ocrx_word' id='word_1_558' title='bbox 1676 4867 1892 4948; x_wconf 85' lang='lat' dir='ltr'>impedimen.</span> 
     </span>
     <span class='ocr_line' id='line_1_49' title="bbox 288 4959 1895 5045; baseline -0.001 -20"><span class='ocrx_word' id='word_1_559' title='bbox 288 4974 439 5045; x_wconf 62' lang='lat' dir='ltr'>tanquam</span> <span class='ocrx_word' id='word_1_560' title='bbox 475 4967 654 5040; x_wconf 77' lang='lat' dir='ltr'>suspectum</span> <span class='ocrx_word' id='word_1_561' title='bbox 684 4971 813 5042; x_wconf 87' lang='lat' dir='ltr'>proptor</span> <span class='ocrx_word' id='word_1_562' title='bbox 839 4961 1057 5043; x_wconf 82' lang='lat' dir='ltr'>cognationem</span> <span class='ocrx_word' id='word_1_563' title='bbox 1114 4969 1180 5026; x_wconf 85' lang='lat' dir='ltr'>tum</span> <span class='ocrx_word' id='word_1_564' title='bbox 1198 4961 1275 5025; x_wconf 82' lang='lat' dir='ltr'>niun</span> <span class='ocrx_word' id='word_1_565' title='bbox 1294 4961 1328 5023; x_wconf 90' lang='lat' dir='ltr'>in</span> <span class='ocrx_word' id='word_1_566' title='bbox 1348 4979 1411 5042; x_wconf 87' lang='lat' dir='ltr'>quo</span> <span class='ocrx_word' id='word_1_567' title='bbox 1433 4961 1546 5024; x_wconf 74' lang='lat' dir='ltr'>fundet</span> <span class='ocrx_word' id='word_1_568' title='bbox 1562 4977 1596 5024; x_wconf 81' lang='lat' dir='ltr'>ee</span> <span class='ocrx_word' id='word_1_569' title='bbox 1611 4961 1764 5041; x_wconf 82' lang='lat' dir='ltr'>exceptio,</span> <span class='ocrx_word' id='word_1_570' title='bbox 1780 4959 1895 5025; x_wconf 81' lang='lat' dir='ltr'>suble-</span> 
     </span>
     <span class='ocr_line' id='line_1_50' title="bbox 289 5053 1475 5135; baseline -0.001 -15"><span class='ocrx_word' id='word_1_571' title='bbox 289 5058 483 5131; x_wconf 84' lang='lat' dir='ltr'>effinitutem,</span> <span class='ocrx_word' id='word_1_572' title='bbox 504 5056 568 5117; x_wconf 82' lang='lat' dir='ltr'>sive</span> <span class='ocrx_word' id='word_1_573' title='bbox 585 5055 826 5119; x_wconf 81' lang='lat' dir='ltr'>lemllieritntenr</span> <span class='ocrx_word' id='word_1_574' title='bbox 846 5073 941 5135; x_wconf 78' lang='lat' dir='ltr'>quem</span> <span class='ocrx_word' id='word_1_575' title='bbox 961 5053 1058 5118; x_wconf 81' lang='lat' dir='ltr'>hebet</span> <span class='ocrx_word' id='word_1_576' title='bbox 1113 5055 1296 5119; x_wconf 81' lang='lat' dir='ltr'>inminerii.</span> <span class='ocrx_word' id='word_1_577' title='bbox 1473 5087 1475 5090; x_wconf 95' lang='lat'>·</span> 
     </span>
     <span class='ocr_line' id='line_1_51' title="bbox 290 5145 1889 5230; baseline 0.001 -17"><span class='ocrx_word' id='word_1_578' title='bbox 290 5165 361 5213; x_wconf 90' lang='lat' dir='ltr'>cnm</span> <span class='ocrx_word' id='word_1_579' title='bbox 385 5154 509 5212; x_wconf 81' lang='lat' dir='ltr'>colore:</span> <span class='ocrx_word' id='word_1_580' title='bbox 535 5153 590 5210; x_wconf 84' lang='lat' dir='ltr'>eut</span> <span class='ocrx_word' id='word_1_581' title='bbox 616 5152 744 5228; x_wconf 81' lang='lat' dir='ltr'>propter</span> <span class='ocrx_word' id='word_1_582' title='bbox 770 5145 958 5227; x_wconf 77' lang='lat' dir='ltr'>inimicitiae,</span> <span class='ocrx_word' id='word_1_583' title='bbox 979 5153 1058 5228; x_wconf 81' lang='lat' dir='ltr'>quus</span> <span class='ocrx_word' id='word_1_584' title='bbox 1114 5161 1121 5176; x_wconf 77' lang='lat'><strong>⁴</strong></span> <span class='ocrx_word' id='word_1_585' title='bbox 1147 5154 1202 5214; x_wconf 73' lang='lat' dir='ltr'>ll.</span> <span class='ocrx_word' id='word_1_586' title='bbox 1224 5149 1271 5212; x_wconf 82' lang='lat' dir='ltr'>Et</span> <span class='ocrx_word' id='word_1_587' title='bbox 1288 5146 1357 5212; x_wconf 81' lang='lat' dir='ltr'>elie</span> <span class='ocrx_word' id='word_1_588' title='bbox 1369 5146 1562 5211; x_wconf 64' lang='lat' dir='ltr'>mente</span> <span class='ocrx_word' id='word_1_589' title='bbox 1580 5161 1601 5208; x_wconf 83' lang='grc' dir='ltr'>α’</span> <span class='ocrx_word' id='word_1_590' title='bbox 1617 5146 1761 5230; x_wconf 70' lang='lat' dir='ltr'>purtem</span> <span class='ocrx_word' id='word_1_591' title='bbox 1778 5161 1889 5214; x_wconf 68' lang='grc' dir='ltr'><strong>σιω.</strong></span> 
     </span>
    </p>
   </div>
   <div class='ocr_carea' id='block_1_5' title="bbox 289 5231 1893 5510">
    <p class='ocr_par' dir='ltr' id='par_1_6' title="bbox 289 5231 1893 5510">
     <span class='ocr_line' id='line_1_52' title="bbox 290 5231 1893 5324; baseline -0.001 -19"><span class='ocrx_word' id='word_1_592' title='bbox 290 5233 372 5324; x_wconf 77' lang='lat' dir='ltr'>gerit</span> <span class='ocrx_word' id='word_1_593' title='bbox 388 5257 463 5324; x_wconf 66' lang='lat' dir='ltr'>erge</span> <span class='ocrx_word' id='word_1_594' title='bbox 481 5253 570 5304; x_wconf 85' lang='lat' dir='ltr'>reum</span> <span class='ocrx_word' id='word_1_595' title='bbox 587 5259 594 5302; x_wconf 94' lang='lat'><strong>:</strong></span> <span class='ocrx_word' id='word_1_596' title='bbox 613 5242 662 5303; x_wconf 86' lang='lat' dir='ltr'>rel</span> <span class='ocrx_word' id='word_1_597' title='bbox 685 5242 759 5321; x_wconf 85' lang='lat' dir='ltr'>quie</span> <span class='ocrx_word' id='word_1_598' title='bbox 780 5241 933 5322; x_wconf 89' lang='lat' dir='ltr'>excipitur</span> <span class='ocrx_word' id='word_1_599' title='bbox 950 5249 1058 5304; x_wconf 83' lang='lat' dir='ltr'>conire</span> <span class='ocrx_word' id='word_1_600' title='bbox 1111 5275 1153 5292; x_wconf 89' lang='lat'>-·</span> <span class='ocrx_word' id='word_1_601' title='bbox 1164 5247 1301 5306; x_wconf 73' lang='lat' dir='ltr'>Tantum·</span> <span class='ocrx_word' id='word_1_602' title='bbox 1318 5241 1519 5322; x_wconf 80' lang='lat' dir='ltr'>exceptionee</span> <span class='ocrx_word' id='word_1_603' title='bbox 1537 5237 1687 5304; x_wconf 73' lang='lat' dir='ltr'>nucerio</span> <span class='ocrx_word' id='word_1_604' title='bbox 1700 5238 1772 5319; x_wconf 70' lang='grc' dir='ltr'>ἰιι</span> <span class='ocrx_word' id='word_1_605' title='bbox 1787 5231 1893 5323; x_wconf 75' lang='lat' dir='ltr'>respi-</span> 
     </span>
     <span class='ocr_line' id='line_1_53' title="bbox 293 5327 1893 5416; baseline 0 -20"><span class='ocrx_word' id='word_1_606' title='bbox 293 5336 395 5415; x_wconf 85' lang='lat' dir='ltr'>ipeum</span> <span class='ocrx_word' id='word_1_607' title='bbox 423 5353 461 5396; x_wconf 87' lang='lat' dir='ltr'>cx</span> <span class='ocrx_word' id='word_1_608' title='bbox 485 5347 528 5398; x_wconf 75' lang='lat' dir='ltr'>eo⁴</span> <span class='ocrx_word' id='word_1_609' title='bbox 541 5333 626 5414; x_wconf 80' lang='lat' dir='ltr'>quon</span> <span class='ocrx_word' id='word_1_610' title='bbox 648 5335 686 5397; x_wconf 82' lang='lat' dir='ltr'>sit</span> <span class='ocrx_word' id='word_1_611' title='bbox 709 5333 870 5415; x_wconf 81' lang='lat' dir='ltr'>imperltne</span> <span class='ocrx_word' id='word_1_612' title='bbox 887 5331 978 5416; x_wconf 71' lang='lat' dir='ltr'>J‘urie‘,</span> <span class='ocrx_word' id='word_1_613' title='bbox 1004 5337 1059 5398; x_wconf 85' lang='lat' dir='ltr'>eut</span> <span class='ocrx_word' id='word_1_614' title='bbox 1112 5336 1198 5399; x_wconf 80' lang='lat' dir='ltr'>cinni</span> <span class='ocrx_word' id='word_1_615' title='bbox 1212 5329 1460 5414; x_wconf 81' lang='lat' dir='ltr'>censemipsem,</span> <span class='ocrx_word' id='word_1_616' title='bbox 1479 5335 1556 5398; x_wconf 84' lang='lat' dir='ltr'>euni</span> <span class='ocrx_word' id='word_1_617' title='bbox 1568 5329 1614 5396; x_wconf 78' lang='lat' dir='ltr'>ere</span> <span class='ocrx_word' id='word_1_618' title='bbox 1629 5345 1699 5414; x_wconf 76' lang='lat' dir='ltr'>quie</span> <span class='ocrx_word' id='word_1_619' title='bbox 1713 5327 1893 5396; x_wconf 72' lang='lat' dir='ltr'>denmnnn·</span> 
     </span>
     <span class='ocr_line' id='line_1_54' title="bbox 289 5425 1893 5510; baseline -0.003 -14"><span class='ocrx_word' id='word_1_620' title='bbox 289 5433 391 5510; x_wconf 87' lang='lat' dir='ltr'>imper</span> <span class='ocrx_word' id='word_1_621' title='bbox 410 5427 616 5510; x_wconf 76' lang='lat' dir='ltr'>magnitudini</span> <span class='ocrx_word' id='word_1_622' title='bbox 636 5425 750 5505; x_wconf 67' lang='lat' dir='ltr'>mulie,</span> <span class='ocrx_word' id='word_1_623' title='bbox 773 5428 838 5490; x_wconf 83' lang='lat' dir='ltr'>eive</span> <span class='ocrx_word' id='word_1_624' title='bbox 856 5428 940 5507; x_wconf 81' lang='lat' dir='ltr'>quod</span> <span class='ocrx_word' id='word_1_625' title='bbox 954 5428 986 5489; x_wconf 88' lang='lat' dir='ltr'>in</span> <span class='ocrx_word' id='word_1_626' title='bbox 1002 5441 1056 5492; x_wconf 79' lang='lat' dir='ltr'>ce·</span> <span class='ocrx_word' id='word_1_627' title='bbox 1113 5435 1163 5494; x_wconf 82' lang='lat' dir='ltr'>tur</span> <span class='ocrx_word' id='word_1_628' title='bbox 1176 5445 1214 5492; x_wconf 86' lang='lat' dir='ltr'>ex</span> <span class='ocrx_word' id='word_1_629' title='bbox 1236 5428 1386 5510; x_wconf 68' lang='lat' dir='ltr'>qualitate</span> <span class='ocrx_word' id='word_1_630' title='bbox 1417 5445 1520 5492; x_wconf 78' lang='lat' dir='ltr'>ceueae</span> <span class='ocrx_word' id='word_1_631' title='bbox 1534 5428 1584 5494; x_wconf 79' lang='lat' dir='ltr'>vel</span> <span class='ocrx_word' id='word_1_632' title='bbox 1606 5427 1748 5507; x_wconf 76' lang='lat' dir='ltr'>ocriculo,</span> <span class='ocrx_word' id='word_1_633' title='bbox 1764 5441 1804 5492; x_wconf 85' lang='lat' dir='ltr'>ex</span> <span class='ocrx_word' id='word_1_634' title='bbox 1817 5429 1893 5494; x_wconf 89' lang='lat' dir='ltr'>luco</span> 
     </span>
    </p>
   </div>
   <div class='ocr_carea' id='block_1_6' title="bbox 0 0 2018 6068">
    <p class='ocr_par' dir='ltr' id='par_1_7' title="bbox 0 0 2018 6068">
     <span class='ocr_line' id='line_1_55' title="bbox 0 0 2018 6068; baseline 0 0"><span class='ocrx_word' id='word_1_635' title='bbox 0 0 2018 6068; x_wconf 95' lang='lat' dir='ltr'> </span> 
     </span>
    </p>
   </div>
  </div>
 </body>
</html>
