4008 6074
311 289 374 352 338
523 289 594 350 LlB.
616 291 651 352 ll.
674 289 884 352 DECRETAL.
905 292 975 352 ΤΙΤ.
999 291 1127 355 xxviii.
1150 291 1200 352 lili
1220 291 1576 370 leraiilmoiiiiitis,
1600 297 1681 360 E‘l'G.

312 420 372 480 hoc
392 422 497 481 autam
510 419 632 481 videtur
645 419 827 496 absurdum,
843 428 874 484 cl
887 425 995 484 conlm
1013 429 1080 484 tex·
1132 427 1247 504 tentiai,
1264 426 1296 486 in
1309 445 1405 488 cauea
1418 429 1510 501 dolis,
1526 430 1559 490 iu
1572 447 1668 492 cansa
1681 432 1844 506 mercedis,
1864 432 1896 492 iu

313 519 379 573 tum
393 517 535 590 apertum
550 513 580 573 in
593 513 616 574 l.
632 533 686 575 un.
702 515 736 576 ii.
758 535 773 573 a
785 515 877 596 Apud
892 533 976 594 eum,
987 537 1006 578 a
1017 534 1081 595 qun
1133 519 1287 584 alimentis
1299 520 1411 582 fuimis
1425 522 1536 600 (sacua,
1554 523 1586 584 in
1600 523 1754 585 alimentis
1764 524 1832 603 jam
1846 525 1899 586 de-

313 605 497 686 appellatur,
515 607 608 670 aliam
622 627 748 670 oensem
767 627 872 690 agere,
893 633 907 670 n
935 615 994 673 etc.
1019 611 1079 672 illia
1134 615 1231 678 cursis
1245 615 1318 675 aula
1332 613 1417 676 litem
1432 619 1561 695 motam)
1575 615 1651 678 item
1664 617 1696 677 in
1709 618 1810 678 musis
1828 619 1897 697 piis,

314 699 434 760 verbis:
464 723 480 760 r
499 703 560 764 Nec
583 707 687 764 utetur
710 703 894 783 (appellans)
917 705 977 766 hoc
1002 721 1081 785 prae-
1134 713 1226 786 atque
1241 705 1273 766 iu
1286 705 1348 766 illis
1364 707 1478 780 muria,
1498 723 1568 784 qna
1587 706 1777 771 celeritatem
1795 711 1900 786 requi-

313 795 419 867 textu‚
445 795 533 872 mirsi
556 795 640 876 apud
667 795 820 858 offensum
845 797 985 876 jndicem
1015 814 1079 857 non
1134 803 1224 860 runt:
1241 802 1334 876 prout
1347 797 1476 858 iiltcrins
1489 797 1614 860 deducit
1627 799 1898 870 citatnsBarlroaa,

313 886 427 948 debeat
447 889 579 968 experiri
599 907 606 950 ε
629 907 702 952 cum
723 891 819 970 possit
837 891 940 953 denuo
954 889 1080 970 ‘prcv0·
1134 891 1318 973 probatque,
1343 890 1374 950 in
1398 891 1472 970 ipsis
1492 907 1555 950 non
1575 891 1643 952 dari
1661 893 1900 973 appellationem

313 997 396 1042 care.
413 1001 429 1038 n
1134 986 1167 1046 in
1181 984 1290 1046 ordine
1304 983 1346 1046 ed
1363 983 1511 1046 affectum
1530 987 1757 1064 suspensivum.
1777 989 1815 1049 iit
1834 988 1898 1047 lreec

351 1077 421 1137 219.
438 1107 478 1124 -
490 1075 569 1136 lllud
583 1083 630 1139 ast
644 1078 676 1137 in
698 1077 851 1152 contessa,
877 1077 963 1157 quod
981 1076 1080 1156 judex
1133 1077 1306 1156 procedant
1322 1075 1363 1138 de
1379 1077 1588 1155 appellatione
1607 1097 1627 1140 a
1649 1081 1802 1143 sententia
1824 1082 1899 1142 dilii-

313 1166 498 1240 ordinariua,
514 1185 533 1227 a
548 1185 609 1248 qua
633 1169 665 1229 iu
689 1170 750 1230 alia
772 1187 868 1230 causa
888 1170 1079 1248 appellatum
1133 1170 1248 1230 nitiva:
1265 1185 1349 1230 nuuc
1362 1169 1503 1230 ulterius.

311 1259 379 1336 fnit,
405 1279 468 1321 non
491 1263 587 1338 possit
609 1264 745 1323 mereari
774 1262 807 1323 in
830 1263 960 1324 crimino
983 1262 1081 1323 mani·
1172 1263 1241 1322 m.
1264 1259 1433 1340 Appellatio
1454 1279 1473 1320 c
1495 1262 1636 1322 senentio
1662 1263 1897 1342 &murator-ra,

310 1353 401 1415 festo.
418 1353 507 1415 Patet
521 1355 606 1416 enim
618 1354 702 1416 istud
721 1373 760 1416 ea
782 1373 810 1416 c.
834 1355 1001 1436 Propoiait.
1025 1359 1075 1417 it.
1132 1354 1179 1417 ael
1190 1353 1371 1435 praecariae,
1386 1352 1473 1416 labet
1484 1355 1617 1434 effectam
1631 1359 1829 1437 mepeaeranm
1842 1377 1898 1418 rer-

312 1445 343 1506 h.
361 1451 382 1508 t.
399 1447 452 1508 ubi
468 1448 602 1526 pontifex
616 1449 753 1528 desuper
766 1448 935 1523 consultus,
952 1467 1080 1529 respon-
1131 1458 1216 1530 ueta
1229 1448 1309 1510 illine
1321 1447 1454 1520 articuli,
1468 1456 1534 1527 etc,
1550 1469 1569 1510 a
1587 1465 1643 1531 qna
1661 1451 1848 1532 appellatae.
1864 1485 1898 1500 ·-

310 1537 356 1600 dit
369 1539 402 1600 iu
416 1541 483 1602 haec
497 1542 608 1603 verba:
625 1542 734 1604 «licet
743 1561 799 1622 pro
810 1543 861 1604 illa
870 1541 1079 1622 appellatione
1132 1542 1287 1614 Quaeritur
1299 1543 1348 1604 lll.
1365 1545 1413 1604 Au
1427 1544 1542 1622 pariter
1555 1545 1721 1623 appellatio
1740 1564 1760 1606 a
1777 1552 1897 1606 seuten—
1989 1619 1990 1648 1

311 1649 375 1691 non
397 1631 501 1695 mions‘
524 1643 667 1698 teneatur
686 1637 717 1696 in
738 1638 823 1711 aliis,
848 1653 943 1716 super
960 1637 1079 1716 ¹quilius
1131 1635 1174 1699 tia
1202 1636 1454 1712 interlocutoria,
1483 1638 1533 1699 rel
1560 1640 1755 1718 gravamina,
1783 1639 1896 1700 habent

309 1725 500 1804 appellatum
523 1737 666 1806 nonest,
691 1731 1079 1809 responderetjudexta·
1132 1729 1278 1791 ellectum
1298 1729 1538 1808 suspensivum?
1555 1731 1647 1810 ltesp.
1672 1733 1695 1792 l.
1722 1733 1822 1792 Etiam
1846 1749 1896 1809 ap·
1989 1769 1990 1788 2

309 1835 393 1892 men,
410 1837 429 1880 a
444 1837 506 1898 qno
519 1823 694 1901 appellatur
712 1824 797 1902 (qnia
812 1824 854 1886 illi
869 1823 995 1883 omnino
1011 1839 1079 1887 sus-
1131 1823 1258 1902 pellatio
1272 1841 1290 1882 a
1305 1825 1460 1885 sententia
1474 1824 1717 1898 interlocutoria,
1733 1825 1781 1885 rel
1791 1841 1895 1904 grava

309 1917 419 1989 pectus
433 1917 491 1994 est)
505 1933 577 1978 cum
590 1933 654 1977 nou
669 1917 1077 1998 debetadrespondendum
1131 1917 1235 1991 mine,
1260 1918 1387 1980 sortitur
1407 1919 1551 1980 effectum
1575 1919 1812 1996 suspensivum,
1838 1919 1894 1978 sal-

309 2023 405 2086 snper
418 2007 485 2068 eliis
501 2011 708 2089 compellere:
724 2013 784 2073 nisi
795 2012 987 2091 procrimine
998 2013 1076 2074 adeo
1131 2014 1196 2071 tem
1208 2017 1354 2090 respectu
1372 2011 1454 2072 illius
1469 2013 1601 2088 articuli,
1618 2013 1682 2073 sive
1696 2013 1892 2092 gravaminis,

309 2101 406 2178 gravi,
423 2105 454 2162 ei
466 2105 638 2179 manifesto,
651 2107 734 2184 quod
745 2107 811 2186 ipso
826 2115 897 2168 actu
913 2109 1078 2170 meritorii
1130 2121 1225 2182 super
1238 2121 1301 2182 qno
1314 2107 1506 2186 appellatum
1520 2106 1597 2167 fuit:
1624 2107 1793 2167 dummodo
1815 2107 1892 2167 istud

307 2193 524 2257 dammandus.
542 2220 556 2255 a
574 2199 663 2260 Ratio
678 2199 771 2279 hujus
786 2203 844 2277 est,
871 2201 944 2279 quia
964 2201 997 2260 in
1021 2219 1074 2262 no-
1130 2213 1186 2276 per
1196 2197 1335 2274 judicem
1348 2219 1367 2260 a
1379 2219 1437 2281 qao
1454 2209 1563 2279 postea
1577 2219 1641 2261 non
1655 2207 1826 2262 revocetur.
1853 2203 1890 2259 lta

307 2288 392 2346 tortis
413 2307 476 2348 nou
499 2297 546 2352 eat
567 2293 655 2352 lucus
677 2295 884 2370 recusationi,
910 2293 990 2356 sieut
1015 2313 1075 2357 uec
1128 2293 1215 2368 putet
1229 2309 1267 2352 err
1281 2309 1308 2352 c.
1325 2292 1363 2354 Si
1370 2311 1389 2351 a
1397 2293 1512 2374 jndice.
1530 2293 1561 2354 lr.
1578 2298 1600 2356 t.
1617 2294 1648 2353 ln
1662 2298 1692 2354 6.
1705 2291 1891 2354 Generaliter

306 2380 506 2459 appellationi
529 2401 536 2443 ι
561 2401 634 2444 nam
657 2385 841 2466 appellatio,
867 2393 899 2448 et
920 2389 1074 2450 mensalia
1128 2381 1212 2443 euim
1231 2383 1468 2462 «appellatione
1489 2385 1670 2464 interposita
1691 2385 1794 2446 medio
1819 2392 1890 2445 tenr-

307 2475 550 2554 aaquiparantur,
566 2495 592 2539 c.
611 2479 710 2560 Super
722 2497 764 2541 eo.
783 2485 830 2543 lt.
848 2482 879 2541 h.
897 2490 918 2543 t.
1128 2493 1203 2555 para
1217 2477 1294 2539 nihil
1308 2480 1414 2539 novari
1428 2479 1538 2551 debat;
1556 2487 1590 2541 ut
1602 2480 1735 2542 dicitnr:
1752 2479 1773 2538 l.
1790 2497 1844 2539 un.
1860 2477 1886 2536 tl.

345 2573 414 2631 220.
437 2571 602 2652 Appellatio
615 2593 672 2634 non
686 2573 771 2636 labet
784 2573 916 2654 effectam
930 2575 1073 2657 carpensi-
1132 2589 1148 2628 ε
1160 2569 1243 2630 Nihil
1256 2571 1364 2632 novari
1379 2572 1525 2650 appellat.
1543 2573 1715 2652 interposit.
1731 2593 1746 2630 a

305 2683 374 2724 aum
391 2666 422 2724 in
442 2665 488 2744 iis,
511 2683 576 2747 qna
599 2667 722 2730 tendant
740 2670 884 2731 dantcoeot
904 2669 944 2731 ad
962 2671 1074 2752 facilia
1167 2666 1236 2724 223.
1260 2663 1310 2724 An
1323 2663 1351 2724 si
1361 2664 1622 2746 appelletursnper
1635 2663 1776 2728 incidenti
1790 2664 1887 2731 niun.

305 2777 367 2819 rem
381 2777 474 2822 caasa
489 2760 607 2824 animm.
620 2763 872 2844 -Fallitqnarto
887 2765 995 2843 regula
1009 2783 1075 2827 me·
1125 2757 1324 2839 pottitjttdtoe
1337 2779 1356 2820 a
1371 2777 1434 2838 quo
1451 2759 1603 2840 precedere
1625 2761 1656 2820 in
1678 2779 1765 2821 cauea
1784 2759 1888 2839 princi-

305 2856 436 2928 morata,
453 2860 547 2932 atqua
561 2854 727 2934 appellatio
741 2873 804 2916 nou
818 2855 913 2917 habet
928 2857 1073 2918 ellectum
1125 2850 1191 2930 pali
1196 2850 1214 2910 t
1227 2886 1267 2900 -
1280 2853 1413 2916 Additur
1425 2861 1579 2933 notanter,
1599 2875 1613 2911 n
1629 2853 1799 2914 dummodo
1815 2851 1888 2913 istud

305 2947 631 3026 susperstitionis,
648 2967 716 3029 quae
731 2951 911 3012 tenduntad
922 2951 1071 3026 favorem,
1128 2945 1283 3022 (videlicet
1302 2963 1469 3026 gravamen
1491 2963 1546 3026 per
1564 2945 1752 3010 sententiam
1769 2945 1887 3008 intorto

305 3058 361 3101 seu
383 3039 553 3102 faciliorem
575 3057 676 3103 causae
698 3043 912 3122 appellationis
935 3043 1070 3117 exitura3
1127 3040 1279 3102 cutoriam
1293 3042 1424 3120 illatum)
1443 3057 1501 3120 per
1516 3039 1656 3119 judicem
1674 3061 1693 3102 a
1711 3060 1769 3123 pao
1788 3045 1889 3120 postea

305 3131 474 3194 dnmmodo
485 3133 581 3213 judex
596 3153 615 3194 a
628 3153 685 3214 qna
699 3135 852 3196 abstineat
865 3153 883 3194 a
894 3136 1073 3215 cognitione
1127 3149 1190 3194 non
1206 3141 1381 3198 revocetur:
1393 3159 1408 3194 n
1427 3152 1502 3196 uam
1517 3135 1601 3213 qnod
1611 3134 1710 3214 judex
1724 3153 1742 3194 a
1757 3153 1813 3215 pac
1825 3151 1889 3212 pos·
1990 3133 1991 3142 ’

304 3225 401 3303 ipsius
415 3245 517 3288 cansa
533 3227 814 3307 appellationislta
825 3229 978 3303 Abbaac.
997 3228 1072 3292 Cam
1127 3225 1166 3287 sit
1187 3225 1268 3286 istud
1286 3243 1444 3304 revocare,
1469 3229 1502 3288 a
1523 3233 1597 3288 tunc
1618 3226 1651 3286 in
1671 3243 1767 3288 causa
1788 3243 1888 3305 proce·
1990 3285 1991 3290 ,

304 3327 464 3382 teneamur.
483 3325 530 3383 ii.
547 3339 579 3382 n.
598 3324 625 3383 l.
644 3327 675 3382 et
688 3323 835 3400 Barbosa,
849 3323 925 3396 ibid,
942 3342 973 3384 n.
990 3328 1020 3386 3.
1036 3325 1068 3388 h.
1126 3317 1213 3394 dere,
1229 3319 1448 3382 nonobstante
1462 3319 1545 3381 facta
1564 3320 1786 3400 appellatione,
1810 3325 1889 3398 petet
1990 3325 1991 3346 ¹

304 3417 327 3476 t.
342 3435 350 3488 ;
367 3418 517 3493 iterante,
534 3421 613 3496 part.
632 3415 681 3477 Vl.
705 3415 828 3497 Specnli
847 3417 940 3479 aare.
965 3417 1012 3479 tit.
1035 3416 1072 3479 de
1126 3427 1165 3470 cx
1178 3427 1206 3470 c.
1222 3408 1298 3472 Cam
1311 3420 1446 3474 caleante.
1463 3414 1514 3474 60.
1530 3413 1565 3472 h.
1579 3419 1602 3474 t.
1618 3411 1797 3491 etamplius
1810 3410 1888 3471 diae·

305 3508 507 3589 Appellatioa.
524 3526 611 3568 nam.
628 3511 704 3580 lal;
726 3509 861 3586 Sacae,
887 3510 940 3570 uhi
964 3527 1068 3591 supra,
1126 3509 1176 3563 tur
1189 3503 1268 3564 infra
1282 3522 1313 3565 n·
1330 3509 1399 3566 229·
1423 3504 1551 3566 additur
1573 3505 1716 3581 ullamne,
1745 3505 1887 3566 «sedam

304 3610 414 3682 quast.
430 3606 459 3665 3.
476 3621 508 3664 n.
524 3605 579 3676 im
596 3602 722 3682 Sunnig,
736 3603 768 3664 h.
787 3610 807 3664 t.
824 3621 893 3681 cup.
909 3621 974 3667 rra.
990 3623 1021 3664 n.
1039 3611 1069 3668 2.
1125 3603 1268 3676 respectu
1283 3598 1363 3660 illins
1376 3599 1511 3670 articuli,
1527 3602 1612 3662 etan
1626 3600 1705 3659 Nam
1715 3605 1887 3660 connomi-

303 3702 335 3756 ει
347 3696 411 3757 alii.
427 3696 523 3776 idque
536 3697 618 3758 aare
633 3695 805 3758 desumitur
819 3715 857 3758 ax
869 3697 921 3758 cit.
943 3715 970 3758 a.
994 3697 1070 3760 Cam
1125 3693 1171 3752 sio
1186 3709 1250 3754 non
1263 3691 1385 3754 modica
1404 3695 1463 3772 est,
1489 3711 1530 3754 au
1553 3695 1578 3754 si
1602 3693 1777 3774 appelletur
1797 3707 1887 3768 snper

304 3796 461 3849 amamur.
478 3791 527 3849 ii.
544 3788 575 3850 h.
591 3790 613 3849 t.
631 3787 684 3849 ubi
698 3789 845 3863 habetur,
856 3787 1070 3868 quodjudexa
1124 3786 1272 3850 incidenti
1286 3788 1399 3858 solnm,
1415 3788 1513 3868 possit
1522 3786 1717 3868 judexaquo
1724 3785 1887 3865 procedere

304 3899 360 3961 pao
372 3881 590 3960 appellationis
604 3880 700 3959 possit
714 3882 882 3946 reformare
897 3883 1070 3964 possessio-
1124 3881 1156 3940 in
1171 3898 1266 3942 causa
1280 3881 1454 3961 principali.

303 3991 389 4046 nem,
404 3993 422 4034 a
437 3991 499 4053 qua
513 3974 673 4054 appellans
686 3977 843 4055 pendente
862 3977 1070 4056 appellatione
1164 3979 1234 4036 til.
1257 3974 1377 4050 Quando
1390 3977 1450 4038 aaa
1464 3974 1606 4038 incidenti
1622 3974 1673 4037 illo
1694 3981 1787 4055 pateat
1804 3991 1887 4034 eona

303 4067 404 4129 luerat
426 4069 590 4144 turbatus,
624 4069 687 4132 aive
715 4071 864 4150 dejectus.
895 4071 1071 4135 Concordet
1121 4068 1328 4150 priraeipaliter
1341 4069 1475 4151 expediri
1487 4070 1587 4151 nequit
1592 4066 1691 4149 jader
1705 4087 1724 4130 a
1738 4083 1799 4146 quo
1813 4066 1844 4126 ia
1858 4085 1888 4126 ea

304 4168 405 4222 textus
419 4161 451 4222 iu
466 4179 492 4222 c.
508 4161 563 4224 Ec
577 4161 691 4224 litteris.
705 4165 813 4242 juncta
827 4165 936 4227 Glossa
952 4169 982 4241 i.
998 4166 1069 4228 Dia-
1120 4163 1281 4242 piniadae.
1299 4199 1340 4214 -
1352 4166 1391 4227 Et
1410 4165 1537 4246 quidem
1556 4165 1631 4224 salia
1650 4162 1792 4224 convenit
1810 4161 1888 4221 inter

304 4255 415 4314 trr'ctini
429 4253 623 4317 interdicitde
632 4255 802 4320 Matrimon.
813 4269 1069 4323 cmaoetoonntra
1122 4257 1277 4331 doctores,
1294 4257 1389 4337 qnod,
1401 4258 1527 4337 quando
1541 4258 1719 4337 appellatur
1733 4273 1823 4334 snper
1835 4255 1887 4314 ali-

304 4348 449 4410 interdici.
466 4348 518 4411 nbi
533 4349 653 4422 dicitur,
666 4349 1068 4432 quodlicetjndexdelerai
1123 4351 1344 4429 quaesticulo,
1371 4353 1436 4414 siva
1458 4353 1631 4432 quaestione
1654 4350 1811 4423 incidenti,
1838 4348 1884 4407 vel

303 4440 513 4518 appellationi,
537 4441 737 4502 nihilomiuus
753 4444 938 4506 interdicere
957 4449 1064 4526 possit,
1122 4444 1303 4526 grarmmue
1326 4446 1399 4521 tali,
1420 4445 1487 4508 eine
1508 4463 1571 4524 quo
1594 4461 1689 4506 causa
1713 4441 1885 4523 principalis

302 4549 342 4591 ne
357 4531 517 4611 appellans
530 4533 623 4595 laciai
645 4534 693 4609 id,
713 4541 842 4616 propter
863 4539 946 4617 qnod
961 4543 1068 4621 appol-
1122 4539 1260 4618 expediri
1275 4540 1401 4618 nequit:
1420 4547 1492 4602 tnnc
1502 4538 1601 4620 jadau
1622 4557 1641 4598 a
1665 4557 1725 4619 qao
1747 4549 1885 4613 supersa-

238 4649 241 4655 ·
301 4625 385 4698 lavit,
404 4643 431 4686 r.
448 4643 478 4704 g.
494 4643 536 4687 ne
549 4627 709 4707 appellans
724 4647 743 4690 a
756 4631 862 4693 valore
877 4635 1066 4696 matrimonii
1121 4635 1194 4696 dere
1208 4635 1323 4698 debeat
1337 4655 1398 4697 nou
1420 4641 1542 4699 notum
1563 4652 1583 4696 a
1606 4633 1781 4715 cognitione
1805 4629 1884 4692 illins

240 4732 244 4748 ·
301 4715 399 4778 nubat
417 4717 517 4791 alteri,
536 4719 636 4782 donec
650 4737 743 4782 cansa
762 4723 857 4802 ipsius
876 4727 1065 4790 matrimonii
1120 4729 1301 4805 mainonis
1314 4729 1489 4806 incidentia,
1505 4745 1601 4807 anper
1615 4745 1679 4805 qua
1698 4723 1882 4806 appellatum

301 4807 439 4870 debitum
454 4807 550 4870 linem
564 4811 720 4876 sonatur.
1113 4821 1196 4896 tuit,
1221 4821 1278 4882 sed
1301 4823 1395 4886 etiam
1418 4842 1436 4883 a
1459 4819 1637 4902 cognitione
1659 4819 1756 4898 ipsias
1778 4833 1881 4878 causa

339 4905 408 4964 iit.
431 4897 555 4962 Sicutet
574 4901 607 4961 in
623 4905 773 4968 mnnalli‘a
788 4907 860 4969 aliie
878 4910 999 4971 acribia.
1028 4947 1063 4957 -
1118 4913 1308 4992 principalis.
1321 4916 1366 4977 lta
1381 4915 1535 4993 siquidem
1549 4912 1685 4974 liabetur
1704 4927 1879 4990 expressam

298 4995 415 5056 ¹²¹·oein
429 4994 600 5070 b0⁸⁰⁸⁸¹¹³i
625 4994 657 5056 in
680 4997 794 5075 quibua
814 5003 978 5080 appellatio
1000 5021 1062 5066 non
1117 5023 1144 5066 o.
1160 5006 1259 5086 Super
1271 5025 1313 5068 ec.
1330 5011 1378 5070 ra.
1395 5007 1427 5066 h.
1443 5011 1465 5068 t.
1482 5007 1586 5068 verbis
1600 5005 1682 5067 illis:
1704 5001 1813 5065 «Side
1828 5001 1880 5062 ali·

297 5085 423 5147 sortitur
448 5085 592 5146 effectum
617 5089 853 5166 suspensivum,
878 5093 984 5170 plnres
1010 5096 1061 5156 alii
1116 5115 1177 5178 qua
1202 5097 1385 5178 exceptione
1408 5099 1538 5177 questio
1562 5099 1691 5175 oriatur,
1716 5099 1746 5158 et
1765 5094 1877 5156 exinde

296 5179 493 5242 adducuntur
510 5197 529 5240 ὃ
548 5178 696 5252 Barbosa,
712 5181 742 5241 in
757 5200 784 5244 c.
811 5183 852 5247 llt
867 5185 984 5249 ἀεὸίεω.
1007 5193 1058 5252 aa.
1115 5192 1355 5270 appellationem
1367 5191 1434 5252 fieri
1454 5192 1625 5272 contingat,
1646 5193 1747 5254 eidem
1764 5207 1876 5269 excep-

296 5289 327 5332 n.
344 5275 392 5334 ia.
407 5271 444 5334 ale
456 5271 605 5354 Appellat.
620 5273 792 5353 allegantes
810 5278 886 5338 elios
904 5281 1057 5344 doctores.
1114 5286 1188 5347 tiooi
1205 5287 1263 5348 erit
1276 5287 1386 5348 merito
1400 5285 1688 5366 supersedendum:
1705 5281 1769 5344 elsi
1790 5281 1874 5358 prin-

294 5367 344 5426 Sia
363 5367 476 5446 quippe
495 5369 538 5443 tit,
560 5385 596 5430 aa
614 5369 743 5448 proinde
763 5387 825 5431 non
843 5373 984 5438 obstante
1002 5395 1059 5455 ap·
1112 5377 1220 5458 cipalis
1233 5397 1328 5440 causa
1341 5379 1409 5440 sine
1424 5378 1474 5440 illa
1487 5376 1651 5440 terminari
1668 5393 1729 5438 nou
1748 5377 1869 5451 poterit,

293 5455 459 5534 pellatione
482 5460 660 5537 proceditur
682 5461 962 5528 mercationem
985 5485 1056 5528 seu·
1112 5471 1140 5531 ei
1163 5471 1362 5534 nihilominus
1384 5469 1634 5553 supersedeatur.
1662 5492 1676 5530 n
1702 5465 1872 5529 Concordat
