4064 6062
281 253 324 318 90
509 251 579 314 ΗΒ.
601 251 637 314 ll.
660 251 869 316 DMRE'I'AL.
891 255 963 316 atr.
985 253 1075 316 xxti.
1098 253 1148 314 uit
1168 251 1256 316 trud
1275 249 1636 320 murmurantium.

281 383 312 448 id
321 383 525 465 uddemtlsrt
534 383 787 464 posss,aedtuuo
796 386 1044 468 solummundo
1100 391 1183 452 tores
1192 384 1320 466 passim
1331 385 1436 466 plurem
1444 385 1638 451 conditiones
1647 387 1861 470 requiruntur.

281 477 444 543 intervenit
458 478 599 558 specialis
611 479 787 542 commissio
798 481 923 559 judicis,
940 479 1047 542 simul.
1098 482 1122 544 Ι.
1137 483 1176 546 Ut
1188 479 1375 544 interveniat
1385 482 1471 562 justa
1484 499 1597 546 causa:
1614 489 1700 562 puts,
1718 501 1757 546 ue
1771 503 1868 566 prop·

281 589 341 654 que
355 571 490 651 cognitio
502 589 619 648 osusae,
633 579 665 636 et
678 589 811 636 examen
833 575 970 648 matium,
993 593 1046 636 sn·
1099 577 1147 636 ter
1160 577 1346 637 vetustatem
1359 573 1510 655 originale
1525 581 1641 655 pereat,
1662 579 1718 638 sut
1735 583 1867 660 propter

281 685 336 746 per
348 665 468 740 litteris,
482 666 547 728 aire
561 665 717 730 schedulis
731 667 801 742 illis,
823 672 855 730 et
877 667 1044 749 publicatio
1099 666 1218 728 viarum
1233 665 1421 744 manuam,
1442 670 1475 731 et
1494 666 1672 730 discrimina
1692 670 1865 746 amittatur,

280 758 353 822 dicti
366 757 580 832 instrumentis
603 776 667 821 non
689 777 764 822 vero
787 760 887 824 aliter.
911 762 949 824 lit
972 768 1045 823 tnnc
1098 777 1169 837 cap.
1186 757 1241 820 ult.
1257 758 1290 820 h.
1306 764 1328 822 t.
1346 763 1377 823 et
1390 777 1417 823 c.
1436 757 1511 823 Cum
1524 758 1674 822 dilectede
1687 758 1866 842 Confirmat.

280 852 519 914 instrumentum
532 851 684 932 ejusmodi
698 851 809 931 recipit
825 853 906 914 vires
918 871 984 916 non
1005 873 1045 916 ex
1099 851 1175 930 utili,
1192 857 1250 916 ete.
1265 853 1303 916 11.
1315 852 1415 916 Debet
1428 853 1613 932 exemplatio
1626 854 1679 914 illa
1692 853 1759 916 fieri
1774 855 1869 923 inter-

280 945 354 1008 sarrs
367 943 522 1027 prioribus
535 943 691 1006 schedulis
704 945 814 1007 notarii
828 945 976 1024 defuncti,
988 948 1045 1012 sed
1098 943 1242 1008 veniente
1256 945 1437 1008 auctoritaie
1448 945 1564 1025 judicia
1578 946 1734 1018 ordinarii,
1746 948 1796 1010 vel
1810 949 1869 1014 de·

280 1039 440 1105 oraturio
458 1038 556 1100 altaro
578 1039 816 1114 transcribente,
842 1039 982 1121 illudque
1002 1041 1046 1104 nd
1098 1038 1205 1120 legati,
1221 1057 1278 1118 per
1291 1041 1394 1102 textus
1407 1040 1528 1104 citatos.
1543 1041 1592 1104 lli.
1617 1041 1715 1106 Debet
1736 1061 1775 1106 ea
1795 1044 1867 1110 fieri

279 1133 461 1214 petitionem
475 1151 594 1210 eorum,
611 1149 744 1212 quorum
756 1137 896 1212 interest,
914 1137 1045 1200 authen·
1097 1131 1139 1194 ad
1163 1131 1346 1212 petitionem
1369 1131 1515 1211 partium,
1538 1131 1585 1194 rel
1607 1134 1717 1196 saltem
1737 1135 1867 1198 alterius

278 1227 391 1293 &ante
414 1245 453 1290 ex
480 1226 697 1290 commissione
716 1227 844 1308 judicis,
870 1245 908 1290 ao
928 1230 1043 1310 previa
1098 1226 1407 1307 pertimuerim
1431 1244 1488 1306 per
1509 1244 1674 1306 personam
1694 1227 1865 1308 publicam,

278 1340 381 1386 cause
404 1322 597 1402 comittens:
620 1337 695 1383 nam
720 1321 819 1401 judex
838 1321 870 1384 in
894 1323 944 1386 tali
968 1343 1043 1386 casn
1098 1319 1201 1398 idest,
1217 1319 1446 1400 perpublleum
1460 1319 1693 1398 connumera
1715 1321 1749 1385 id
1767 1321 1868 1402 judex

280 1415 442 1480 advertere
462 1413 608 1488 debebit,
630 1431 692 1493 quo
715 1413 746 1476 in
768 1415 836 1476 loco
856 1423 980 1496 reperta
1004 1417 1044 1483 sit
1096 1414 1271 1496 precipiat:
1288 1413 1411 1496 quodsi
1424 1415 1579 1496 ejusmodi
1592 1415 1717 1496 publica
1730 1435 1869 1498 persona

280 1506 433 1586 eiusmodi
446 1505 605 1580 schedula,
620 1523 662 1567 an
675 1505 717 1569 ait
736 1511 890 1586 suspecte,
910 1525 970 1570 uec
989 1525 1046 1586 ne,
1097 1507 1205 1570 baberi
1238 1526 1301 1569 non
1329 1509 1439 1588 possit,
1472 1508 1547 1570 satis
1579 1525 1648 1570 osse
1680 1509 1862 1576 arbitratur.

280 1599 449 1676 etdeinds,
465 1598 549 1680 quod
563 1597 620 1660 sibi
635 1597 715 1660 beno
730 1598 830 1662 risum
849 1597 941 1664 luerit
961 1599 1044 1664 arbi·
1097 1601 1204 1665 illoesa
1217 1601 1273 1666 tiu.
1292 1601 1325 1662 in
1343 1601 1395 1665 cit.
1420 1620 1490 1684 cap.
1515 1602 1570 1664 ult.
1596 1603 1627 1666 h.
1653 1609 1676 1666 t.
1701 1603 1785 1682 quod
1805 1622 1868 1684 per

278 1699 387 1760 natur.
403 1691 583 1756 Menoetius
595 1691 649 1754 lib.
666 1694 702 1754 ll.
717 1689 754 1754 de
772 1691 925 1756 Arbitror.
941 1691 1040 1775 judic.
1096 1693 1232 1774 aliquam
1246 1695 1339 1756 aliam
1360 1711 1526 1775 personam
1546 1695 1710 1756 honestam
1730 1696 1867 1758 auotori-

278 1805 341 1852 cas.
357 1791 426 1862 rer,
441 1806 473 1850 n.
489 1791 547 1860 itir
562 1785 743 1848 Mascerdus
755 1785 815 1848 loc.
832 1784 884 1848 cit.
901 1803 934 1850 n.
950 1789 999 1850 39.
1096 1791 1158 1852 tete
1172 1787 1286 1867 judicis
1307 1787 1512 1866 describatur,
1535 1787 1704 1851 dummodo
1724 1787 1866 1868 sigillum

315 1883 366 1944 aa.
389 1879 465 1957 an'd
476 1879 511 1942 de
524 1876 664 1942 solemniis
677 1877 788 1940 notant
798 1876 870 1939 odeo
884 1877 1042 1947 ateana·
1095 1879 1311 1942 authenticum
1333 1885 1519 1960 apponatur.
1544 1879 1595 1944 IV.
1620 1879 1667 1944 Ad
1691 1880 1867 1944 solemnem

277 1973 314 2036 tis
336 1980 368 2036 ut
389 1973 563 2036 mtnntetem
580 1969 712 2054 portium
724 1970 849 2052 perfecte
862 1988 919 2032 non
940 1971 1043 2052 erprt-
1096 1972 1357 2052 exemplationem
1390 1971 1557 2052 requiritur
1591 1971 1695 2036 citatio
1732 1989 1862 2046 eorum,

276 2065 380 2130 mant?
395 2096 433 2114 -·
447 2067 510 2128 Nec
523 2064 571 2126 bia
585 2065 712 2128 obstant
725 2063 807 2126 diota
822 2063 966 2143 superius¹
989 2062 1039 2126 cit.
1096 2083 1229 2146 quorum
1242 2067 1380 2142 interest,
1396 2085 1424 2128 c.
1440 2063 1640 2148 Significavit.
1661 2065 1714 2128 ll.
1738 2063 1775 2128 de
1797 2063 1866 2130 re-

275 2179 310 2223 ιι.
325 2164 373 2224 tt).
390 2159 468 2232 Ouia
485 2157 527 2222 ibi
550 2175 652 2220 sermo
676 2161 723 2220 est
736 2156 777 2220 de
792 2157 948 2220 schedulis
962 2158 1041 2220 adeo
1096 2160 1147 2224 tib.
1164 2160 1217 2222 ubi
1231 2161 1263 2222 in
1278 2160 1370 2224 simili
1384 2159 1425 2222 ad
1439 2159 1651 2239 receptionem
1673 2159 1798 2222 testium
1813 2179 1865 2222 re-

278 2251 486 2335 imperiectis,
511 2258 543 2316 et
563 2249 771 2328 abbreviatis,
795 2256 829 2313 ut
851 2251 1041 2314 voluntatem
1095 2253 1228 2335 quiritur
1240 2253 1345 2316 citatio
1358 2253 1457 2333 partia
1470 2253 1629 2322 adversm:
1645 2271 1684 2316 ac
1703 2260 1789 2316 notat
1807 2255 1867 2316 ilc-

276 2347 412 2432 purtium
425 2345 563 2426 porrecte
576 2362 640 2406 non
653 2344 829 2424 expriment
839 2362 846 2404 :
858 2345 935 2406 nares
945 2344 1040 2418 euim,
1095 2347 1253 2412 perruptas
1266 2346 1369 2410 Praei.
1385 2352 1488 2428 quoeet.
1505 2363 1575 2428 cap.
1591 2362 1654 2408 ιιι.
1670 2364 1702 2407 u.
1718 2349 1749 2408 l.

277 2441 464 2520 nequidem
490 2439 673 2502 auctoritate
697 2437 821 2518 judicia,
851 2442 982 2517 possunt
1009 2435 1040 2499 in
1133 2445 1184 2506 6¹.
1206 2441 1264 2506 Hir
1278 2457 1335 2502 non
1347 2438 1504 2502 onosma
1517 2439 1666 2519 coemptor
1680 2438 1869 2500 imtrmnenti

204 2573 209 2582 ·
276 2531 433 2614 publicam
451 2529 582 2594 iormarn
596 2529 715 2622 redigi,
731 2529 787 2591 sed
805 2532 928 2608 opertet
944 2546 1041 2608 nego-
1094 2535 1270 2618 regulariter
1300 2553 1357 2596 non
1387 2531 1505 2615 probat.
1532 2565 1572 2582 -
1602 2534 1696 2614 ttesp.
1719 2535 1756 2596 ΙΙ.
1780 2535 1868 2595 Prae·

277 2626 354 2690 tium
369 2625 408 2687 de
428 2643 508 2687 novo
531 2642 636 2686 coram
658 2624 778 2688 notario
802 2621 958 2703 expedire.
981 2622 1043 2684 Ve-
1094 2627 1197 2690 missis
1224 2644 1289 2688 non
1315 2623 1487 2688 observatis
1511 2625 1681 2704 exemplar,
1706 2641 1761 2688 scu
1782 2631 1867 2688 tran-

276 2737 345 2784 rum
360 2719 521 2781 occasione
536 2719 778 2798 praemissorum.
1095 2722 1254 2799 sumptum
1277 2717 1485 2796 iasuumenu',
1507 2717 1691 2800 regulariter
1711 2735 1774 2778 non
1795 2734 1867 2796 pro-

284 2819 293 2836 '
315 2817 366 2878 60.
387 2811 598 2893 acceptata,
621 2829 671 2874 seu
699 2816 881 2892 tronrusnptu
907 2807 1039 2892 originu-
1094 2813 1159 2892 bat,
1174 2829 1238 2876 nen
1251 2801 1390 2876 e'xbibito
1404 2813 1472 2892 ipso
1486 2811 1640 2890 originali.
1657 2815 1702 2874 lia
1717 2813 1868 2873 Covarru-

277 2905 349 2971 tinns
363 2905 629 2978 instrumentorum,
643 2904 672 2966 ai
682 2903 759 2986 fiunt
771 2901 942 2966 auctoritate
954 2901 1042 2984 judi-
1095 2907 1160 2980 rias
1184 2907 1245 2968 loc.
1275 2907 1327 2968 cit.
1357 2923 1389 2968 n.
1414 2911 1453 2980 23
1478 2905 1659 2969 llascardus
1680 2904 1717 2967 de
1741 2903 1864 2966 Probet.

275 2999 326 3074 en,
336 3017 371 3060 oc
383 2997 504 3062 motis
516 2996 677 3072 amanda,
688 2995 886 3060 eumdemuint
896 2993 1040 3076 probandi
1094 3001 1193 3068 conci
1209 2999 1280 3074 tlt,
1295 3019 1327 3062 n.
1343 3000 1495 3074 missen
1509 2997 1604 3063 Autb.
1620 2998 1659 3062 Si
1676 2997 1740 3079 quta
1759 2996 1791 3058 in
1810 2997 1868 3060 aii.

275 3111 339 3156 eum
366 3090 556 3174 originalibus
582 3089 696 3152 tutem.
732 3121 772 3137 -
803 3090 957 3164 Quaeritur
988 3091 1038 3152 IV.
1094 3090 1570 3177 ,transsumentem
1592 3093 1761 3154 communi.
1777 3091 1869 3154 Patet

276 3187 375 3261 Quem
389 3185 451 3248 vim
461 3185 613 3266 probandi
624 3184 761 3248 habeant
771 3183 972 3266 exemplaria,
983 3201 1039 3244 seu
1095 3189 1155 3252 hoc
1169 3206 1207 3250 ex
1221 3205 1290 3266 oap.
1306 3186 1340 3248 b.
1355 3191 1380 3250 t.
1395 3185 1454 3248 ibi:
1470 3185 1723 3266 nSiscripturam
1735 3185 1870 3250 authen·

276 3285 470 3360 transumpta
503 3277 699 3358 originalium
734 3279 1041 3340 instrumentorumt
1095 3284 1188 3347 ticam
1201 3279 1495 3355 nosvincamus
1516 3277 1705 3360 exemplaria
1723 3277 1800 3341 nibil
1820 3279 1870 3340 ia

276 3375 368 3454 desp.
385 3374 408 3434 Ι.
425 3369 455 3434 Si
469 3369 543 3434 talia
556 3369 760 3450 exemplaria,
775 3387 830 3432 aen
849 3375 1042 3449 transumpta
1095 3394 1166 3438 cers
1184 3391 1361 3456 passumus.
1378 3395 1392 3434 u
1412 3371 1649 3450 concordatjus
1671 3371 1759 3434 civile
1782 3373 1805 3434 l.
1826 3375 1867 3436 Π.

275 3465 472 3545 originalium
486 3464 761 3526 instrumentorum
774 3462 1041 3526 fiantauotoritate
1095 3469 1128 3532 ff.
1143 3469 1178 3532 de
1191 3467 1268 3532 Fr'de
1281 3469 1464 3551 instrument.
1486 3467 1595 3547 juncta
1617 3467 1716 3528 suth.
1741 3465 1780 3528 Si
1802 3467 1870 3548 puis

275 3561 387 3642 judicis
401 3558 562 3632 ordinarii,
578 3557 627 3619 rel
638 3557 785 3640 delegati,
809 3575 865 3638 per
885 3557 1040 3638 publicam
1095 3563 1126 3626 in
1139 3562 1238 3643 atr‘qm
1249 3579 1278 3622 c.
1296 3560 1333 3624 de
1345 3558 1464 3624 Edend.
1485 3565 1516 3621 et
1529 3559 1551 3620 l.
1567 3561 1598 3622 3.
1617 3577 1647 3621 c.
1667 3557 1705 3622 de
1721 3559 1866 3622 Diceret.

277 3672 453 3736 personam,
468 3671 506 3716 so
525 3652 655 3716 servatis
675 3651 743 3714 aliis
762 3651 891 3730 dejure
914 3668 1043 3713 servan·
1095 3657 1229 3738 maipa.
1250 3673 1321 3716 cum
1341 3653 1506 3717 similibus.
1529 3652 1626 3732 idque
1648 3659 1800 3718 statutum
1818 3661 1869 3716 est

274 3749 334 3824 dis,
345 3753 420 3813 tuac
429 3749 497 3828 ipsa
510 3747 656 3810 mandem
669 3763 742 3808 cum
754 3743 957 3825 originalibus
971 3761 1043 3808 aare
1094 3749 1215 3812 radone
1229 3745 1371 3808 falsitatis
1384 3744 1530 3824 mnne,
1546 3763 1617 3826 quea
1626 3745 1765 3826 alioquin
1775 3746 1869 3810 iacile

274 3843 443 3918 teutatem,
458 3859 516 3904 sen
530 3841 592 3902 rim
606 3837 756 3918 probandi
779 3837 973 3900 obtinebunt.
995 3839 1043 3900 lta
1095 3841 1246 3907 summitti
1260 3848 1376 3923 posset

273 3935 572 4018 expressedsciaum
585 3933 801 4012 hebeturcsp.
818 3931 875 3994 ult.
891 3931 924 3992 b.
941 3937 963 3994 t.
978 3931 1039 3994 ibi:
1134 3939 1186 4000 62.
1207 3934 1339 3998 Elissaei
1358 3953 1378 3996 e
1398 3933 1514 3996 normae
1535 3931 1651 4015 putir'co
1670 3952 1706 3997 rc
1728 3935 1872 4017 meandi

280 4051 295 4088 n
322 4030 353 4092 Si
381 4031 584 4092 instrumenta
612 4033 738 4106 propter
765 4029 964 4100 vetustatem,
993 4023 1043 4088 rel
1095 4032 1198 4114 sancet
1211 4033 1387 4090 extractum.
1402 4029 1494 4102 -Et
1507 4027 1567 4088 bec
1580 4027 1660 4088 adeo
1675 4045 1786 4090 verum
1808 4032 1867 4103 est,

275 4128 404 4207 propter
439 4123 532 4184 uliam
561 4121 680 4201 justam
713 4135 840 4182 oausam
872 4117 1042 4198 exemplari
1097 4132 1132 4188 ut
1146 4123 1240 4188 etism
1256 4121 1426 4200 exemplar,
1449 4137 1505 4182 seu
1525 4123 1755 4200 transumptum
1774 4140 1793 4184 a
1811 4140 1871 4184 no-

277 4221 424 4302 petsntur
455 4233 561 4279 ιιιιιιιι
595 4213 751 4276 ordinario
774 4211 879 4292 judice
908 4211 957 4274 vel
990 4211 1043 4272 de·
1097 4216 1176 4280 tario
1190 4214 1315 4296 publico
1331 4212 1869 4294 exoriginaliextrsotum,speotato

274 4311 377 4391 legato
391 4309 432 4372 ab
447 4309 513 4388 ipso
531 4306 704 4388 specialiter
724 4310 968 4385 presentantur:
990 4304 1043 4382 qui
1093 4307 1173 4388 juris
1186 4307 1289 4388 rigore
1303 4305 1395 4384 plene
1409 4323 1474 4367 non
1487 4303 1611 4384 probet,
1627 4304 1686 4364 nisi
1700 4303 1872 4369 observen-

276 4407 304 4467 si
316 4421 355 4466 aa
374 4402 539 4481 diligenter
559 4402 698 4480 inspecta
722 4399 752 4460 in
776 4399 861 4460 nulla
885 4399 932 4460 srri
952 4401 1043 4477 parte
1097 4405 1148 4462 tur
1160 4397 1228 4460 alios
1244 4396 1455 4459 solemnitates
1470 4415 1502 4457 ιι.
1519 4399 1568 4458 60.
1593 4395 1710 4458 ruere.
1732 4398 1870 4462 Massar-

276 4497 383 4562 sitiets
409 4495 577 4574 repererit,
605 4513 663 4575 per
690 4493 849 4574 publicam
876 4509 1043 4572 personam
1097 4489 1482 4564 duscit.conc1.rr2,n.
1510 4493 1539 4552 l.
1562 4491 1596 4550 et
1617 4506 1704 4568 seqq.
1728 4489 1871 4571 allegans

278 4590 331 4654 ills
344 4589 503 4670 praecipiat
516 4587 697 4666 exemplari,
710 4587 856 4650 eamdem
877 4585 1044 4649 auctorita·
1095 4583 1186 4648 alios.
1215 4582 1385 4662 plmesqrre
1419 4581 1513 4662 bajus
1545 4582 1683 4644 redonas
1714 4582 1869 4648 reterens.

277 4687 342 4748 tem
364 4700 422 4763 per
443 4682 503 4742 boc
522 4699 597 4742 oum
617 4679 820 4760 originalibus
843 4678 998 4742 ιιιιιίιιιιι.
1024 4697 1039 4736 ι
1098 4680 1213 4740 Earum
1237 4693 1300 4738 uns
1323 4677 1390 4740 ast:
1414 4675 1490 4753 quia
1511 4673 1633 4738 notorio
1653 4675 1781 4756 publico
1804 4695 1871 4740 non

279 4775 420 4842 fluctu.
626 4781 629 4788 ’
996 4828 1002 4840 ,
1098 4771 1245 4848 creditu,
1265 4769 1326 4830 nisi
1341 4768 1380 4831 de
1393 4768 1456 4844 bis,
1469 4787 1542 4849 qum
1556 4786 1663 4830 coram
1676 4786 1715 4832 ee
1729 4769 1869 4848 vidente,

317 4875 367 4936 nl.
391 4867 496 4932 Pirene
508 4867 682 4930 conditiones
694 4863 936 4950 embraced
943 4863 1045 4928 miens-
1098 4863 1149 4926 rel
1169 4861 1329 4936 audiente,
1353 4861 1534 4942 apartibus
1555 4864 1748 4941 geetasunt.
1771 4861 1868 4925 luth.

278 4980 343 5028 mna
356 4959 592 5043 emptanonen
601 4979 616 5038 ;
637 4967 665 5022 et
679 4959 771 5042 purat
790 4989 830 5006 -
849 4957 968 5020 Dicitur
987 4973 1045 5016 no-
1099 4953 1136 5020 de
1153 4953 1376 5018 Tabellioniiro.
1389 4955 1410 5034 ς
1423 4955 1485 5018 Νοι
1504 4961 1613 5018 suurn.
1635 4955 1739 5019 coust.
1761 4959 1793 5017 t.
1817 4959 1872 5019 At-

280 5063 404 5134 tantm,
435 5074 450 5117 r
474 5053 657 5116 auctoritate
675 5052 789 5132 judicis
810 5069 866 5132 por
888 5049 1044 5129 publicam
1100 5047 1152 5128 qui
1167 5051 1255 5110 aetna
1269 5046 1333 5122 ille,
1349 5045 1388 5108 de
1413 5065 1475 5125 quo
1498 5047 1658 5127 publicum
1681 5047 1873 5110 instrumen-

281 5165 448 5232 personsm
466 5163 504 5208 ac
524 5147 653 5208 servatis
673 5145 754 5220 aliis,
780 5165 794 5204 n
820 5150 880 5207 etc.
905 5144 985 5206 Nam
1003 5141 1070 5202 ad·
1099 5147 1167 5202 tum
1180 5139 1470 5218 debataxemplari,
1482 5157 1588 5200 coram
1597 5139 1787 5204 ulceraria
1801 5156 1873 5220 ges-

281 5243 454 5304 solemnem
473 5237 701 5302 traductionem
721 5236 819 5315 oopiae
842 5252 881 5296 ox
902 5232 1046 5314 originali
1100 5239 1150 5294 tus
1162 5250 1227 5294 non
1245 5230 1322 5306 iutt;
1344 5249 1429 5312 ergo.
1451 5233 1589 5306 benedt,
1614 5233 1698 5313 quod
1720 5235 1807 5295 testis
1828 5231 1872 5294 de

281 5335 500 5408 mammonin,
518 5348 574 5394 seu
590 5329 635 5392 nd
649 5331 881 5407 transumptum
901 5328 1045 5390 eamdem
1099 5323 1209 5388 auditu
1224 5324 1348 5387 auditus
1363 5343 1426 5386 non
1439 5325 1562 5406 probet,
1579 5327 1869 5390 utdiotumtit.XX.

279 5425 438 5506 cumipse
452 5424 514 5488 vira
526 5421 680 5504 probandi
695 5421 849 5496 abnuens,
865 5421 954 5502 juxta
973 5419 1048 5484 doc·
1101 5417 1145 5483 De
1160 5415 1297 5502 Territus.
1311 5418 1331 5497 ᾗ
1346 5418 1393 5480 lt.
1411 5437 1442 5479 n.
1459 5421 1529 5483 360.
1553 5437 1627 5501 ergo
1647 5437 1707 5482 neo
1724 5419 1873 5502 probabit
