4026 6054
274 333 361 412 §nc
384 331 434 393 bn
455 329 681 394 unumunurn
702 329 979 408 praenuntiati,
1002 329 1247 400 ALIORUMOUE
1268 323 1513 392 CURATORUM.
1624 321 1682 382 435

99 465 241 543 gregalia
260 466 449 544 interrogata
472 476 528 544 per
554 463 724 543 parochnm
747 464 866 525 Odian-
960 467 1010 526 83.
1033 463 1078 526 Et
1091 461 1173 546 qaid,
1198 463 1225 523 si
1247 461 1322 522 adsit
1341 459 1490 522 duntaxat
1511 473 1565 538 per
1583 471 1687 524 unam,

99 573 176 632 sem,
208 575 250 619 an
278 558 386 618 liceret
406 557 463 618 arbi
485 558 526 620 ab
552 558 694 633 ecclesia,
723 577 787 636 sex,
812 565 866 621 ant
919 555 1104 618 ueloltoum
1127 555 1204 616 diem
1226 569 1283 615 aaa
1305 552 1430 634 sectum?
1451 583 1492 598 -
1513 546 1686 611 Fatendum

97 657 217 729 septem
231 651 353 727 diebus,
369 651 479 714 abesse
494 671 588 714 cansa
601 653 779 714 invisendos
792 668 866 714 suos
919 649 1045 728 quidem
1057 667 1122 710 non
1134 649 1243 710 deesse
1254 648 1395 710 doctores
1409 645 1492 707 istud
1505 643 1683 714 limitantes,

96 753 242 824 parentes
271 763 378 821 senes,
402 750 434 810 et
451 749 626 828 pauperes?
648 745 864 826 Respondent,
915 745 1043 822 'quando
1082 743 1200 805 nullum
1233 742 1342 804 subest
1368 739 1486 800 morale
1511 735 1686 818 pericnlum

97 837 126 897 id
136 838 237 899 licere
253 855 261 898 t
277 844 370 918 prout
384 839 478 901 refert
491 840 658 920 Fagnanns
668 837 719 899 cit.
736 856 764 898 c.
779 835 866 899 Reic—
918 837 1112 898 necessitatis
1136 835 1344 900 substituendi
1368 834 1504 914 aliquem
1517 830 1683 896 vicarium}

97 939 168 989 tam.
184 945 219 990 ιι.
235 934 285 993 25.
301 937 332 993 et
345 934 395 994 26.
408 933 439 994 h.
449 938 471 994 t.
484 933 546 993 Nec
560 933 672 1005 obstat,
683 929 768 1011 quod
782 930 864 990 idem
919 937 1005 1010 pota,
1031 931 1103 1010 quia
1125 932 1229 992 nudus
1253 934 1301 993 est
1317 930 1350 990 in
1368 926 1519 1007 parocbia
1532 925 1683 986 infirmus.

95 1023 264 1104 legnanns
288 1025 347 1089 loc.
371 1027 424 1090 cit.
448 1028 541 1103 dicat,
557 1044 678 1090 sacram
693 1041 864 1106 congrega·
919 1025 998 1085 Nam
1012 1023 1096 1105 quod
1108 1030 1182 1086 tuno
1196 1041 1253 1104 per
1267 1039 1375 1096 unum,
1391 1021 1441 1083 vel
1456 1019 1589 1082 alterum
1601 1015 1686 1078 diem

96 1116 215 1180 donem
231 1120 289 1182 hoa
302 1137 360 1182 soa
380 1121 582 1201 responsione
602 1121 796 1182 solummodo
806 1121 866 1179 de·
919 1135 982 1176 non
996 1115 1120 1191 laetum,
1131 1115 1213 1178 licite
1223 1115 1439 1196 possitabesso
1449 1119 1585 1190 curatus,
1599 1108 1686 1172 nullo

96 1211 245 1288 eierasse,
261 1215 346 1294 quod
360 1214 494 1277 visitatio
508 1219 675 1294 parentum
697 1229 819 1285 senum,
834 1213 866 1272 et
914 1209 1043 1298 ‚interna
1070 1209 1237 1272 constituto
1268 1210 1401 1284 vicario,
1439 1211 1547 1269 censet
1580 1205 1686 1265 Castro

94 1319 285 1384 pauperum,
315 1308 354 1369 sit
379 1309 538 1370 ¹solllciens
566 1327 673 1388 causa,
699 1307 744 1368 ob
771 1321 865 1385 quam
919 1304 1025 1382 Palam
1051 1305 1103 1368 cit.
1126 1321 1158 1366 n.
1183 1309 1213 1366 2.
1238 1310 1268 1366 et
1282 1305 1431 1378 Barbosa,
1447 1303 1479 1365 d.
1495 1299 1620 1382 allegat.
1634 1299 1685 1360 58.

97 1396 263 1476 episcopus
273 1399 370 1476 possit
378 1400 515 1476 parocho
526 1401 698 1462 concedere
709 1398 866 1460 licentiam
918 1419 952 1460 n.
968 1401 1037 1474 loti,
1063 1417 1208 1461 asserens
1231 1400 1402 1480 etiam‘per
1424 1405 1488 1462 tres
1510 1395 1577 1458 dies
1594 1407 1687 1474 posse

95 1489 280 1550 discedendi
307 1491 348 1552 ad
374 1511 440 1568 sex,
464 1495 512 1557 vel
535 1501 654 1576 septem
676 1495 754 1555 dies.
774 1493 865 1567 Nam,
920 1498 1063 1555 curatum
1082 1493 1127 1554 sie
1144 1494 1266 1558 abesse.
1292 1495 1408 1554 Verum
1430 1491 1498 1553 haec
1519 1486 1685 1559 sententia,

96 1599 167 1641 enm
194 1584 283 1646 nulla
306 1601 401 1665 snper
415 1587 535 1667 justitia
547 1591 641 1670 hujus
654 1605 756 1650 causae
770 1586 867 1666 possit
919 1587 1093 1665 praesertim
1106 1587 1248 1664 biduum,
1264 1594 1318 1650 aot
1331 1588 1469 1651 triduum
1482 1588 1552 1650 talis
1575 1587 1689 1650 absen-

96 1676 181 1752 oriri,
196 1685 253 1739 ant
266 1682 335 1741 orta
348 1681 439 1742 luerit
452 1685 662 1746 controversia
673 1683 738 1763 (lilii
753 1681 866 1761 qnippe
920 1681 971 1742 tia
986 1680 1172 1758 concedens,
1182 1683 1215 1742 in
1225 1682 1311 1762 praxi
1326 1688 1374 1744 est
1380 1683 1520 1760 difficilis,
1530 1700 1589 1743 nec
1596 1681 1687 1743 iacrle

93 1770 165 1848 jure
189 1773 327 1834 natarali
341 1819 349 1850 ,
364 1779 397 1836 et
418 1775 534 1855 divino,
558 1776 674 1838 debent
687 1774 867 1859 parentibus
920 1775 1083 1838 toleranda
1098 1793 1154 1855 per
1168 1777 1362 1857 superiores;
1384 1796 1420 1839 eo
1436 1778 1521 1856 quod
1534 1777 1575 1839 ob
1588 1775 1688 1837 mille-

94 1867 319 1944 reuerentiam,
331 1863 533 1952 etpietatem)
547 1871 715 1934 verisimile
731 1887 793 1931 non
806 1873 865 1947 est,

94 1957 143 2019 ael
152 1961 508 2038 parochumOrliensem
518 1966 653 2047 desuper
662 1968 865 2048 interrogata,

95 2052 143 2110 vel
163 2069 290 2114 sauram
312 2058 587 2138 congregationem
607 2058 798 2140 respondere
812 2075 866 2119 vo-

95 2147 210 2222 lnisse3
229 2149 285 2210 sed
299 2151 410 2224 solum,
423 2171 462 2213 an
475 2151 508 2213 id
521 2153 613 2216 liceat
621 2154 769 2233 parocho,
781 2151 869 2215 nimi·

94 2259 166 2300 rnrn
182 2241 303 2321 absque
317 2243 377 2305 alia
391 2247 529 2327 episcopi
542 2247 678 2310 licentia.

133 2339 188 2397 81.
222 2334 294 2398 Sine
326 2338 387 2400 ulla
413 2341 582 2403 rationabili
606 2361 692 2404 causa
724 2340 868 2424 parochus

93 2427 201 2490 adamis
214 2431 347 2510 praviter
367 2445 476 2512 peccat.
500 2469 541 2482 —
559 2433 691 2498 Additur
712 2433 868 2496 tamenin

92 2523 171 2585 data
186 2525 398 2602 conclusione,
417 2547 432 2585 u
445 2548 485 2590 ex
499 2547 605 2606 causa,
628 2546 698 2609 quae
719 2529 777 2589 sibi
797 2528 868 2606 (hoc

93 2621 155 2693 est,
182 2621 321 2699 parocho
340 2623 459 2702 absque
483 2623 544 2686 alia
573 2624 711 2706 episcopi
730 2621 866 2695 licentia,

90 2713 207 2791 sicque
221 2712 288 2776 sine
302 2716 396 2795 hujus
406 2718 523 2796 judicio
537 2717 787 2798 su‘peraeqnitate
798 2728 870 2775 aau-

91 2825 150 2882 sae,
167 2808 357 2890 discessura)
371 2811 510 2892 legitima
523 2811 657 2874 videtur.
674 2833 688 2871 o
708 2813 787 2872 Nam
799 2809 869 2869 sine

89 2901 160 2962 nlla
174 2919 274 2963 causa
285 2903 471 2982 rationabili,
489 2926 525 2968 ac
539 2925 626 2970 mero
645 2905 780 2988 uagandi
803 2903 870 2966 ani-

90 3013 160 3070 mo,
178 2997 336 3076 parochus
359 3018 378 3060 a
399 3002 463 3062 suis
483 3001 592 3064 ovibus
606 3021 675 3065 sese
689 3003 868 3072 absentans,

90 3089 236 3170 gravitm
249 3095 373 3170 peccat3
389 3094 562 3158 cumlaciat
574 3101 681 3158 contra
696 3093 870 3155 naturalem

84 3181 261 3260 justitiam,
292 3201 356 3264 qua
376 3187 511 3267 ipsemet
538 3203 578 3250 ex
604 3191 749 3269 suscepte
769 3183 871 3248 officia

86 3281 226 3337 teneun
238 3277 343 3340 ovium
355 3279 466 3343 Christi
482 3281 540 3342 sibi
555 3283 793 3344 commissarum
818 3296 872 3338 cn-

86 3387 164 3432 ram
179 3386 303 3450 gerere,
326 3373 433 3453 sicque
456 3375 595 3438 residere
613 3395 620 3438 ε
645 3376 736 3452 aden,
752 3380 787 3436 ut
801 3389 869 3434 ces-

86 3468 187 3524 sante
216 3463 278 3525 ella
300 3466 387 3544 justa
413 3485 520 3546 causa,
551 3485 616 3530 non
638 3469 770 3530 sufficiat
788 3464 871 3528 istud

86 3563 247 3637 praestare
261 3575 319 3638 per
331 3562 534 3624 constitutum
547 3561 709 3636 vicarium,
720 3570 790 3623 curn
805 3561 870 3621 lue-

86 3655 133 3713 rit
148 3654 251 3714 electu
265 3654 353 3734 fides,
370 3659 466 3735 atque
488 3655 639 3717 industria
666 3671 808 3734 personas
823 3653 869 3734 ip-

86 3747 385 3810 siusburbasacit.
397 3747 868 3828 allegat.53.n.106.·etpart.l.

85 3839 131 3901 de
147 3839 242 3922 Osfia.
258 3839 398 3922 Paraclii,
413 3861 482 3923 cap.
499 3859 563 3906 vm.
581 3863 612 3904 ιι.
628 3845 677 3904 lu.
694 3859 766 3902 cnm
789 3840 867 3902 aliis.

134 3939 188 3998 82.
215 3933 364 3998 Fatuclus
371 3937 458 4019 justo
471 3935 505 3999 dc
518 3955 605 3999 causa
625 3935 734 4008 adm,
759 3943 871 3998 tacetur

84 4027 262 4108 retiquae
275 4027 410 4092 &ancum
419 4029 574 4092 uacuum.
589 4061 630 4077 ·-
644 4028 775 4091 Additur
788 4030 869 4092 ulte-

84 4125 162 4186 rius
176 4123 211 4184 in
227 4123 436 4204 conclusione,
458 4147 473 4185 a
486 4125 656 4210 dnmmodo
670 4125 793 4188 interim
805 4125 870 4186 ido-

84 4233 194 4279 neum
211 4217 400 4292 sicariums
419 4223 480 4282 etc.
502 4221 594 4294 Quia,
619 4220 670 4282 ubi
699 4221 867 4299 parochus,

83 4314 146 4375 vel
162 4309 245 4372 alius
258 4322 384 4376 curatus
405 4314 494 4376 abest
513 4315 598 4393 justa
620 4313 661 4376 de
684 4329 789 4388 eausa,
805 4313 869 4376 sive

84 4423 172 4469 oum
194 4406 319 4468 lieentia
340 4407 520 4487 superioris,
546 4407 612 4468 sive
629 4407 747 4487 absque
762 4425 800 4470 ea
813 4425 870 4488 per

83 4501 219 4580 aliquot
232 4498 308 4573 dies,
325 4517 449 4580 semper
470 4506 594 4563 tenetur
611 4499 787 4578 relinquere
801 4500 868 4562 ido-

83 4611 197 4655 neum
218 4591 384 4671 ricarium,
408 4609 464 4656 sen
487 4595 634 4656 clericam
657 4593 868 4667 substitutum,

83 4694 195 4765 atque
219 4685 253 4745 in
272 4703 331 4746 suo
353 4685 532 4767 episcopatu
554 4686 725 4748 admissum
745 4703 801 4766 pro
815 4687 870 4747 ad-

84 4780 330 4842 ministratione
357 4785 641 4856 sacramentorum,
671 4781 723 4861 qui
746 4779 869 4844 interim

83 4893 156 4955 pro
172 4891 207 4936 se
221 4874 339 4954 papula
353 4875 515 4938 inserviat.
531 4877 569 4938 ut
581 4876 624 4939 ita
637 4874 774 4936 decrevit
796 4889 871 4934 eon-

82 4966 207 5029 cilium
218 4967 494 5031 Tridentinumcit.
511 4987 580 5049 cap.
593 4985 614 5032 ι.
629 4969 759 5030 secabit.
775 4963 871 5046 §Ea

87 5060 170 5123 dein
198 5061 326 5138 omniuo,
348 5061 422 5122 ibi:
458 5081 472 5120 u
498 5061 750 5141 Ouandocnnque
765 5079 871 5122 ecs-‘-

81 5245 262 5310 ordinario
276 5247 526 5328 approbandum,
541 5267 612 5311 cnm
632 5247 738 5309 debita
752 5263 871 5308 marce-

82 5341 148 5401 dis
160 5339 373 5429 assignatione
387 5335 575 5422 relinquant.
591 5363 606 5402 o
626 5341 762 5404 liarbcaa
775 5341 808 5406 d.
825 5341 869 5402 al·

82 5435 316 5590 &ggtfflplsls
332 5437 404 5508 loe3
420 5437 528 5500 Castra
541 5435 635 5498 Palae
649 5435 700 5499 eit.
716 5439 822 5516 punct.
839 5439 870 5509 5,

920 1886 977 1930 nos
992 1887 1094 1946 casus,
1110 1870 1223 1950 quibus
1236 1872 1378 1952 exposita
1391 1879 1438 1934 est
1452 1871 1525 1950 rita,
1541 1870 1688 1950 salusque

921 1965 1088 2045 spiritualis
1110 1966 1383 2046 parochianorum,
1405 1967 1456 2030 viic
1477 1985 1616 2048 unquam
1636 1983 1689 2028 co-

921 2061 1028 2142 gnosci
1055 2059 1169 2140 valeat,
1189 2060 1239 2123 hic
1262 2069 1293 2125 et
1316 2081 1399 2124 nune
1419 2061 1543 2123 nullum
1558 2061 1687 2124 subesse

921 2156 1038 2217 morale
1066 2155 1237 2237 pericnlum
1265 2158 1538 2236 parochianorum,
1568 2154 1689 2218 etiarnsi

921 2249 1024 2310 nudius
1037 2249 1070 2309 in
1084 2249 1232 2330 parochia
1246 2251 1418 2330 reperiatur
1427 2249 1591 2312 actualiter
1603 2247 1691 2308 intir-

921 2358 1002 2405 mus.
1026 2341 1114 2406 Unde
1133 2343 1219 2404 idem
1243 2341 1381 2424 Barbosa
1402 2349 1487 2424 part.
1500 2345 1524 2404 l.
1548 2343 1586 2404 da
1600 2341 1688 2423 offic.

920 2435 1052 2518 parochi,
1069 2453 1138 2516 cup.
1153 2451 1219 2498 rur.
1235 2445 1267 2496 n.
1282 2438 1333 2510 u,
1349 2435 1468 2516 rigidus
1482 2435 1613 2508 incedit,
1636 2433 1691 2494 nbi

922 2531 1016 2591 talem
1042 2529 1170 2611 parochi
1198 2529 1382 2603 absentiam,
1411 2528 1496 2590 nullo
1524 2527 1691 2592 constitute

922 2623 1048 2698 vicario,
1072 2622 1222 2703 permittit
1244 2623 1370 2702 quidem
1393 2623 1433 2683 ad
1448 2623 1567 2703 aliquot
1584 2618 1690 2695 horas,

923 2717 979 2782 sed
989 2718 1071 2783 illico
1085 2717 1247 2798 subjungit
1262 2739 1269 2779 :
1299 2738 1315 2776 o
1329 2713 1446 2804 Abesse
1460 2733 1534 2778 vero
1548 2721 1614 2779 tota
1627 2719 1690 2794 die,

923 2813 1048 2892 quanm
1062 2812 1165 2873 nullus
1179 2809 1364 2886 infirmatur,
1390 2827 1461 2873 raro
1475 2810 1508 2870 in
1522 2825 1617 2888 anuo,
1632 2827 1692 2872 nec

922 2904 1026 2978 laudo,
1042 2921 1099 2967 nec
1113 2905 1255 2984 vitupero
1268 2921 1275 2963 ε
1288 2903 1399 2966 abasse
1410 2911 1516 2966 autern
1528 2921 1585 2983 per
1599 2903 1691 2978 dnos,

923 3002 973 3063 vel
995 3007 1058 3063 tres
1081 2999 1149 3062 dies
1172 2999 1259 3061 nullo
1275 2999 1462 3074 infirmante,
1483 3001 1515 3060 et
1531 2998 1616 3060 nnlla
1631 2997 1692 3060 alia

924 3101 1019 3156 cansa
1030 3093 1231 3170 justificante,
1247 3091 1343 3155 hahet
1355 3092 1445 3152 valde
1460 3093 1499 3155 de
1514 3090 1692 3155 rationabili

925 3203 993 3250 esse
1008 3187 1149 3262 mortale,
1165 3193 1292 3268 propter
1305 3185 1413 3262 muita,
1424 3198 1494 3266 quoa
1508 3194 1639 3266 possunt
1653 3205 1691 3248 eo

924 3288 1064 3360 tempere
1079 3279 1217 3359 euenire,
1233 3279 1368 3342 maxime
1391 3279 1423 3342 in
1445 3279 1535 3358 uillis,
1556 3281 1609 3344 ubi
1627 3299 1692 3344 non

924 3383 972 3438 eat
997 3375 1077 3436 alius
1104 3375 1249 3438 sacerdos
1271 3393 1291 3435 a
1310 3375 1458 3453 parocho.
1487 3395 1502 3434 a
1530 3373 1604 3438 Hae
1626 3374 1690 3451 ille,

924 3470 1022 3532 citans
1032 3469 1155 3548 probae
1166 3468 1516 3532 sententiaLndovicum
1530 3470 1569 3529 de
1584 3473 1691 3532 sancto
1762 3457 1766 3468 ¹

923 3563 1055 3638 loanne,
1071 3563 1118 3624 tit.
1133 3561 1168 3625 de
1181 3562 1329 3628 desident.
1340 3581 1372 3626 ιι.
1385 3567 1421 3628 8.v
1431 3567 1463 3627 et
1474 3564 1689 3642 Passerinum,

923 3655 958 3718 de
971 3656 1079 3738 Officio
1091 3657 1199 3732 curati,
1215 3669 1284 3738 cap'.
1298 3676 1321 3720 1.
1336 3677 1369 3720 n.
1386 3662 1416 3720 l.

963 3754 1012 3815 st.
1035 3750 1201 3834 Episcopus
1211 3759 1305 3832 pateat
1316 3750 1455 3832 parcebat
1470 3750 1627 3834 potitare
1638 3752 1691 3814 sub

923 3863 1008 3927 poena
1029 3843 1209 3927 pecuniario,
1234 3861 1270 3904 ae
1292 3844 1375 3904 ultra
1396 3843 1513 3906 biduum
1531 3863 1548 3906 a
1558 3845 1692 3928 propriis

923 3938 1064 4002 Ecclesiia
1084 3937 1179 4001 alubi
1199 3937 1261 4000 sinc
1279 3956 1333 3999 ooo
1356 3937 1482 4002 decada.
1506 3970 1546 3987 -
1572 3939 1689 4002 Deinde

923 4033 1070 4097 limitatur
1084 4032 1156 4094 data
1169 4032 1338 4106 conclusio,
1347 4032 1473 4112 qnando
1483 4033 1690 4095 adestuenstl-

923 4129 1001 4192 tutio
1015 4126 1163 4208 episcopi,
1179 4125 1348 4206 prohibens
1370 4125 1525 4205 parocbia,
1549 4143 1590 4188 ne
1608 4127 1690 4190 ultra

923 4224 1055 4286 biduom
1067 4223 1135 4282 sine
1149 4238 1207 4282 sna
1218 4219 1342 4282 licentia
1363 4237 1382 4281 a
1403 4221 1537 4301 propriis
1551 4219 1689 4282 ecelesiis

924 4318 1052 4380 absint:
1082 4320 1157 4377 tunc
1183 4314 1267 4376 enim
1293 4313 1437 4394 parochi,
1466 4314 1560 4375 etiam
1586 4317 1689 4377 stante

923 4427 1018 4472 cansa
1027 4406 1212 4481 rationabili,
1222 4406 1430 4469 etconstitnto
1437 4405 1550 4468 idoneo
1560 4407 1687 4483 vicaria,

924 4521 987 4565 non
1000 4507 1130 4582 possunt
1145 4501 1225 4562 ultra
1239 4498 1383 4576 biduum,
1409 4502 1441 4562 et
1463 4507 1690 4580 consequenter.

924 4615 983 4659 neo
1005 4614 1062 4675 per
1086 4591 1319 4656 hebdomadam
1340 4593 1451 4654 abesse
1474 4593 1541 4655 sine
1563 4593 1689 4656 licentia

924 4687 1083 4752 ordinarii.
1098 4689 1136 4748 lit
1150 4686 1295 4766 quidem,
1313 4686 1396 4766 quod
1411 4685 1511 4749 ualeat
1525 4687 1690 4768 episcopus

923 4784 1090 4864 prohibere
1109 4780 1253 4860 parochis
1266 4778 1327 4840 sub
1341 4795 1434 4859 paena
1449 4781 1626 4860 pecuniaria
1641 4799 1689 4842 ar·

923 4877 1061 4950 bitraria,
1077 4891 1147 4953 qnae
1161 4877 1267 4935 tamam
1281 4871 1442 4934 dimidiam
1462 4888 1526 4936 non
1547 4873 1688 4950 excedat,

923 4965 1686 5047 neultrabiduumasuaeoelesiapossintabesse,

923 5080 989 5125 non
1004 5078 1076 5122 vero
1091 5060 1149 5120 sub
1164 5073 1259 5138 poena
1277 5059 1604 5122 excommunicationis
1617 5059 1689 5121 latas

925 5249 1050 5330 gellone
1066 5244 1187 5307 concilii
1207 5243 1388 5319 Tridentini,
1413 5261 1489 5308 sess.
1514 5248 1565 5308 23.
1580 5259 1649 5324 cap.
1664 5261 1687 5306 1.

911 5411 912 5414 Ἴ
925 5341 959 5403 de
972 5340 1104 5422 Reform.
1119 5339 1214 5400 refert
1227 5340 1352 5401 Garoias
1366 5341 1417 5400 cit.
1432 5341 1513 5418 part.
1526 5341 1574 5402 111.
1583 5338 1620 5400 de
1632 5338 1692 5400 Ba-

924 5434 1009 5516 nefic.
1025 5453 1094 5514 cap.
1110 5451 1146 5497 11.
1169 5449 1202 5494 ιι.
1221 5435 1271 5495 2³.
1295 5441 1327 5496 et
1348 5431 1497 5506 Barbesa,
1519 5429 1692 5512 pontida

927 5529 1019 5610 Olfic.
1036 5527 1174 5600 Parasiti,
1189 5543 1258 5610 cap.
1274 5543 1338 5590 rm.
1360 5541 1392 5588 n.
1417 5527 1467 5588 ld.
1491 5526 1630 5607 allegans
1643 5525 1691 5587 in-
