4028 6068
274 329 292 412 ᾗ
313 329 346 392 tt.
370 329 574 424 DEOEBUS,
596 329 686 403 QUAE
706 329 916 395 presentet
935 331 1114 409 POSSUNT,
1137 333 1211 398 vat.
1230 335 1309 400 NON
1329 337 1510 402 POSSUNT.
1624 341 1684 401 229

445 463 463 544 ς
483 465 517 525 ll.
917 466 1056 546 usucapi,
1072 485 1128 528 seu
1140 469 1298 550 proscribi
1313 473 1426 550 potest.
1442 459 1557 532 Tantus
1578 473 1625 532 ast
1650 469 1682 530 in

916 557 1010 640 §Sed
1027 559 1195 642 aliqnando.
1219 565 1318 626 Instit.
1341 563 1378 626 de
1407 563 1583 646 Ueneopion.
1608 563 1675 624 ibi:

130 629 162 678 ¹³¹
180 626 279 686 mus’
301 625 364 682 ⁰¹¹⁸
384 627 539 674 ‘mmm
560 627 691 689 Μ’
713 629 768 677 m
787 627 845 678 ¹¹⁰¹
921 651 1012 713 «Sed
1025 652 1202 731 aliquando,
1219 653 1338 715 etiamsi
1359 656 1493 716 maxime
1514 655 1584 734 quis
1597 655 1683 717 bona

415 721 549 778 mm·
916 743 979 805 fide
994 745 1150 824 possideat
1162 764 1239 821 rem,
1257 765 1319 807 non
1334 753 1438 810 tamen
1457 747 1500 809 illi
1521 748 1585 809 ulto
1600 749 1681 810 tem-

146 842 191 902 26.
215 838 320 901 Omnes
330 857 376 900 res
383 848 508 918 posenni
516 839 682 921 prescribi,
693 839 752 902 nisi
758 841 865 922 sperio·
917 857 992 920 pore
1007 841 1155 920 usucapio
1169 839 1308 920 procedit
1324 859 1331 900 ε
1348 840 1453 914 veluti,
1475 841 1500 902 si
1521 843 1591 922 quis
1605 842 1684 903 libe-

113 933 170 994 lr'ter
179 931 397 1014 prohibeantur.
425 965 465 980 -
490 934 643 1006 Ouaritur
665 937 688 996 l.
715 936 864 1007 Quaenam
916 949 987 992 rum
1001 931 1171 1006 bominem,
1187 931 1316 993 vetram
1331 951 1462 1014 saprum,
1488 935 1537 995 vel
1555 933 1681 1013 religio·
1728 947 1735 954 ·

113 1027 338 1106 resgsneratim
352 1025 480 1106 possint,
495 1025 544 1087 vol
561 1027 756 1108 nonpossint
771 1045 865 1107 praes·
917 1042 995 1098 sam,
1011 1024 1060 1086 vel
1079 1042 1202 1086 servum
1222 1023 1387 1106 fugitivum
1410 1027 1612 1107 possideat.»
1637 1031 1683 1091 lto
1767 1065 1770 1072 ·

112 1120 195 1182 cribit
208 1120 300 1202 Resp.
316 1122 340 1182 l.
357 1120 471 1182 Omnes
485 1139 535 1183 res
548 1127 678 1202 possunt
691 1120 862 1202 proscribi,
917 1121 1018 1179 textus
1033 1135 1197 1196 expressus
1219 1118 1236 1197 ξ
1259 1117 1321 1181 Sed
1343 1118 1512 1200 aliqnando.
1533 1121 1633 1184 Instit.
1649 1120 1683 1183 de

111 1233 158 1292 sep
172 1215 311 1294 usucapi,
337 1215 395 1276 nisi
413 1214 494 1296 lege,
519 1215 569 1276 vel
595 1215 722 1298 speciali
743 1216 864 1278 rationo
921 1209 1092 1292 Usnropion.
1120 1211 1295 1274 Gonooedot
1317 1217 1419 1274 textus
1441 1213 1473 1274 in
1492 1213 1514 1275 l.
1531 1215 1586 1276 ult.
1603 1233 1630 1277 c.
1648 1212 1683 1276 de

110 1306 254 1384 proscribi
279 1306 514 1385 prohibeantur.
541 1309 586 1368 Ita
614 1307 801 1380 eommunis;
832 1309 865 1368 et
916 1303 1014 1384 Longi
1027 1312 1114 1386 temp.
1128 1305 1358 1386 presumptione,
1378 1324 1444 1386 qne
1461 1325 1517 1388 pro
1540 1306 1682 1383 libertate,

111 1405 185 1480 patet
197 1398 267 1477 εις
282 1401 310 1460 t.
328 1404 357 1460 et
372 1417 458 1478 seqq.
474 1398 572 1462 Instit.
589 1399 624 1463 de
641 1399 816 1482 Usncepion.
833 1403 865 1462 et
919 1401 992 1472 ato,
1011 1396 1064 1458 ubi
1089 1397 1211 1470 dicitur,
1228 1400 1335 1459 eontra
1358 1398 1534 1462 libertatem
1547 1400 1685 1464 bominis

110 1495 129 1554 l.
142 1493 231 1573 lnnpi
252 1493 401 1574 tempores.
431 1511 458 1556 o.
487 1492 522 1556 de
548 1493 768 1576 Proeseriptr'on.
784 1493 861 1574 teng.
917 1508 981 1552 non
995 1490 1152 1572 praescribi
1169 1491 1262 1553 etiam
1276 1493 1438 1574 sexaginta
1453 1493 1553 1557 annis.

112 1595 219 1667 tempor.
235 1604 309 1647 enm
324 1587 490 1665 similibus3
516 1587 568 1650 ubi
583 1607 689 1650 rorum
702 1587 861 1666 usucapio,
957 1586 1007 1646 30.
1031 1583 1237 1646 Potesttamen
1250 1603 1348 1648 sernas
1360 1585 1549 1667 proscidere
1562 1585 1682 1649 tidente-

111 1697 156 1739 seu
170 1677 360 1757 praescriptio
375 1676 550 1742 indistinete
565 1680 756 1754 conceditur,
771 1677 865 1741 certis
918 1685 975 1740 tem
1001 1685 1103 1738 contre
1131 1676 1291 1739 dominnm.
1320 1711 1360 1727 -
1382 1681 1445 1741 Nec
1469 1678 1580 1754 obstat,
1601 1678 1685 1756 qnod

111 1772 248 1833 duntaxat
261 1771 357 1834 rebus
371 1773 568 1852 postmodum
583 1774 730 1854 exceptis.
919 1789 1026 1833 servus
1048 1769 1251 1850 praescribere
1274 1773 1372 1851 possit
1394 1771 1570 1834 libertatem
1595 1790 1690 1833 suam

143 1870 188 1928 2¹1.
210 1865 331 1950 Injnre
343 1867 482 1930 darentur
495 1869 627 1952 quedem
638 1869 792 1952 presenti
806 1887 865 1929 non
918 1871 1024 1926 contra
1038 1863 1212 1938 dominum,
1229 1864 1254 1926 si
1268 1866 1375 1946 viginti
1389 1867 1491 1941 annis,
1510 1865 1603 1928 etiam
1618 1865 1685 1926 sine

109 1977 193 2042 posen
217 1959 386 2042 dupliciter.
415 1963 548 2026 Ferte‘vte
568 1982 613 2026 res
629 1962 787 2045 presciti
805 1980 864 2022 non
918 1957 1019 2030 titulo,
1035 1957 1192 2020 bonafide
1207 1977 1276 2020 sese
1291 1959 1423 2040 gesserit
1435 1978 1491 2039 pro
1506 1959 1616 2033 libero,
1631 1960 1683 2022 cit.

109 2059 277 2133 manumet
289 2051 449 2133 memorie?
462 2086 501 2102 -
520 2055 612 2136 Resp.
636 2056 672 2118 ll.
689 2056 804 2134 injure
818 2054 865 2115 di·
917 2050 938 2113 Ι.
955 2054 979 2114 l.
998 2069 1025 2114 c.
1052 2050 1087 2114 de
1107 2051 1207 2134 Longi
1227 2053 1362 2133 tempores
1374 2053 1604 2134 praescriptione,
1620 2069 1686 2134 quse

111 2149 211 2206 cuntur
233 2145 380 2225 quaedam
399 2164 576 2226 nonposse
594 2148 768 2228 praescribi,
791 2148 864 2229 quia
914 2163 973 2226 pro
1000 2141 1143 2218 libertate,
1169 2151 1240 2219 eto,
1270 2147 1378 2224 juncta
1403 2146 1509 2206 Glossa
1532 2144 1585 2204 tin.
1609 2143 1684 2206 ibid.

110 2237 254 2298 ordinario
277 2245 416 2316 tempore
430 2257 491 2300 nou
508 2242 757 2322 usucapiuntur:
782 2258 866 2322 quee-
917 2239 1010 2318 Resp.
1040 2240 1135 2312 enim,
1164 2256 1235 2300 essa
1257 2237 1424 2300 maximam
1446 2237 1683 2316 disparitatem:

110 2328 862 2414 damnero,quiannilomodopraescribipossunt.
918 2351 991 2394 nam
1021 2333 1147 2394 libertas
1174 2333 1309 2395 bominis
1337 2333 1580 2394 connumeratur
1606 2330 1686 2392 inter

108 2425 145 2484 lta
158 2423 279 2486 Lessius
291 2423 346 2486 lib.
361 2427 398 2487 ll.
415 2423 565 2490 delectit.
587 2437 616 2490 et
634 2428 702 2510 jnr.
726 2447 796 2508 cap.
821 2445 861 2492 vr.
918 2443 1028 2488 causas
1042 2425 1238 2501 favorabiles,
1255 2444 1323 2506 cap.
1340 2425 1394 2486 ult.
1413 2425 1448 2487 de
1461 2424 1593 2488 Sentent.
1613 2431 1642 2486 et
1655 2443 1687 2486 re

110 2515 194 2578 dubit.
211 2519 261 2578 lb.
280 2533 313 2578 n.
329 2520 377 2580 ts.
394 2524 425 2579 et
437 2519 505 2592 olii;
527 2520 621 2600 idque
645 2522 795 2602 probatur
817 2522 863 2582 in·
910 2517 1039 2600 judicet.
1057 2537 1093 2580 ao
1107 2517 1237 2598 proinde
1250 2517 1337 2580 favor
1350 2518 1484 2580 libertati
1498 2517 1634 2592 debitus,
1652 2520 1685 2580 et

109 2609 255 2674 ductione.
294 2612 454 2692 Siquidem
493 2613 644 2695 imprimis
675 2617 692 2695 §
719 2615 862 2678 Furtinoe.
918 2611 1061 2686 salubris,
1078 2611 1190 2674 merito
1204 2612 1324 2674 induxit
1337 2610 1541 2696 legislatores,
1574 2616 1607 2672 ut
1629 2609 1685 2672 ad·

109 2701 194 2764 instit.
217 2701 253 2764 de
285 2701 410 2786 Uenenp.
434 2703 570 2768 dicitur:
591 2706 680 2778 Quod
707 2705 864 2768 airutivae
919 2705 1076 2767 mitterent
1088 2704 1172 2784 longi
1184 2703 1332 2783 temporis
1347 2703 1611 2784 praescriptionem
1629 2720 1687 2780 pro
1759 2776 1762 2782 Ι

109 2810 161 2866 res,
176 2796 207 2854 et
219 2811 291 2874 quae
305 2796 335 2856 vi
359 2814 509 2875 possessas
529 2804 626 2870 sunt,
650 2817 713 2860 non
734 2805 865 2878 possunt
918 2797 1073 2873 libertate,
1089 2798 1139 2859 cit.
1155 2797 1177 2859 l.
1193 2799 1227 2860 ll.
1245 2815 1272 2860 c.
1289 2797 1324 2858 de
1341 2797 1437 2878 Lunqi
1459 2804 1582 2878 tempor.
1603 2813 1687 2878 proe-

109 2887 226 2966 nsucapi
243 2907 283 2948 :n
304 2895 335 2951 et
352 2895 458 2952 tamen
480 2891 530 2954 bas
559 2893 650 2954 tertio
677 2893 768 2954 bonee
792 2893 864 2954 fidei
918 2891 1020 2972 script.
1036 2891 1104 2978 Non
1115 2891 1345 2951 veroadversus
1355 2888 1530 2952 libertatem
1539 2889 1685 2962 hominis,

108 2999 290 3068 possessore,
319 2989 404 3063 pata,
434 2985 487 3063 qui
516 3002 569 3046 eas
598 2987 681 3048 bona
704 2986 764 3048 tide
778 2986 862 3060 emit,
919 2985 1041 3048 etiamsi
1051 2983 1241 3066 prescriptio
1251 2983 1311 3045 ista
1329 2983 1512 3045 accessisset
1526 2981 1687 3064 sexaginta

108 3075 342 3152 praescribuntur
363 3077 455 3138 annis
482 3079 642 3160 tringinta,
670 3079 692 3142 l.
721 3080 807 3162 Sient
834 3079 865 3138 in
918 3097 1073 3140 annorum
1089 3078 1290 3152 curriculum,
1304 3077 1326 3140 l.
1343 3079 1391 3139 lll.
1409 3095 1435 3140 c.
1453 3076 1523 3138 eod.

108 3184 169 3227 rena
185 3185 213 3229 c.
228 3167 267 3230 de
280 3167 500 3253 Proescription.
517 3173 660 3254 tringinta
670 3173 717 3236 cet
728 3174 866 3258 quadrin-
958 3173 1007 3233 st.
1031 3169 1087 3232 Res
1093 3168 1216 3252 publicis
1225 3167 1322 3230 usibus
1330 3167 1484 3251 deputate,
1495 3188 1525 3230 υ.
1531 3188 1562 3250 p.
1574 3167 1685 3249 samm,

107 3259 189 3338 ginta
209 3266 240 3322 et
264 3261 285 3322 l.
309 3265 332 3324 l.
352 3262 435 3343 §Aa
448 3263 519 3328 daec.
535 3284 563 3326 o.
578 3264 614 3327 de
626 3265 736 3328 Annei.
753 3273 862 3346 except.
917 3263 1026 3346 pluteo,
1040 3281 1123 3344 pons,
1139 3269 1207 3338 etc,
1222 3263 1317 3324 necin
1333 3268 1434 3334 totum,
1449 3281 1499 3324 nec
1520 3261 1552 3322 in
1570 3269 1688 3343 partem

109 3368 140 3410 ac
153 3359 236 3414 notat
251 3355 360 3417 Glossa
380 3357 433 3420 cit.
454 3358 472 3437 fi
494 3358 641 3422 Furtivae.
664 3363 694 3438 t.
716 3359 865 3422 Proedieto
916 3356 1072 3440 praescribi
1092 3364 1234 3437 possunt:
1257 3364 1286 3417 et
1305 3353 1378 3418 cnr?
1400 3387 1440 3402 -
1458 3355 1552 3435 Resp.
1574 3357 1610 3416 ll.
1627 3356 1688 3416 ltes

108 3445 182 3526 lenqo
195 3455 334 3529 tempore.
350 3451 447 3513 Instit.
464 3451 501 3514 de
517 3451 644 3535 Ussnep.
919 3449 1049 3528 publicis
1063 3447 1171 3509 usibus
1186 3447 1353 3526 deputatas,
1373 3453 1406 3507 ut
1422 3446 1535 3521 lorum,
1557 3444 1607 3506 via
1629 3465 1688 3525 pu·

141 3542 185 3601 te.
207 3540 292 3602 Fessi
302 3561 348 3605 res
358 3545 480 3626 nsnrnpr'
490 3565 548 3608 non
559 3556 691 3628 possunt:
705 3555 734 3611 et
746 3545 863 3630 qnando
918 3541 1010 3612 blica,
1026 3541 1148 3620 plait&
1165 3559 1254 3620 ΡΟΠΒ,
1271 3545 1302 3601 et
1317 3538 1506 3618 hujustmdi,
1522 3557 1580 3600 nec
1594 3538 1626 3599 in
1640 3545 1687 3600 to·

107 3630 195 3692 tenes?
207 3667 249 3680 -
273 3633 421 3698 Similiter
439 3639 470 3698 in
488 3639 574 3715 §Res
588 3638 663 3722 fisci.
677 3640 775 3704 Instit.
792 3640 863 3703 eod.
918 3640 997 3707 tum,
1013 3651 1071 3695 nec
1089 3635 1121 3693 in
1143 3638 1264 3712 partem
1286 3630 1443 3711 praescribi
1468 3634 1608 3710 possunt.
1640 3634 1686 3693 lta

107 3723 145 3786 ait
156 3725 336 3808 imperator,
352 3731 436 3808 quod
455 3749 533 3794 eres
546 3731 611 3794 fisci
625 3732 721 3795 nostri
737 3731 865 3812 usucapi
918 3727 1041 3790 Loesius
1052 3725 1107 3787 tib.
1124 3728 1160 3788 ll.
1177 3725 1211 3786 de
1223 3723 1325 3786 Instit.
1337 3732 1365 3786 et
1365 3723 1434 3804 jor.
1447 3742 1514 3802 cap.
1528 3741 1567 3787 u.
1584 3743 1615 3786 n.
1633 3727 1683 3788 ts.

107 3835 162 3878 non
183 3820 281 3899 possit
298 3840 337 3882 :n
362 3826 395 3884 et
413 3831 517 3886 tamen
541 3827 623 3888 bona
646 3827 721 3888 lisso
737 3828 804 3906 jam
818 3828 866 3888 in·
919 3821 1056 3898 Pirhiug.
1071 3820 1104 3881 b.
1120 3825 1142 3881 t.
1159 3837 1191 3879 n.
1208 3821 1257 3879 te.
1274 3817 1381 3880 etalii.
1396 3817 1593 3897 qunepatet
1610 3835 1648 3878 ex
1661 3818 1683 3881 l.

107 3919 273 3990 corporate,
290 3917 533 3992 proscribuntur
546 3920 636 3980 annis
646 3917 862 3998 quadraginta,
922 3913 1139 3995 Usnropionern.
1155 3911 1188 3973 ff.
1204 3911 1238 3972 de
1255 3909 1458 3993 Ueneapionit.
1470 3909 1523 3971 ubi
1539 3927 1686 3990 expresse

106 4001 124 4062 l.
139 4003 250 4068 Omen.
268 4025 295 4070 o.
312 4007 347 4070 de
358 4008 531 4092 Praeceps
558 4011 701 4093 tringinta
723 4010 769 4073 eet
789 4030 863 4092 qne·
918 4010 1039 4081 dicitur,
1057 4006 1140 4087 quod
1153 4006 1185 4067 in
1198 4005 1293 4066 rebus
1312 4003 1484 4084 republicis,
1507 4003 1686 4082 populiilo·

106 4093 233 4176 draginta
246 4117 358 4160 annor.
374 4102 405 4162 Si
419 4120 493 4164 vero
506 4104 775 4166 necdumtuerunt
788 4103 864 4166 fisco
917 4103 1014 4179 mani,
1031 4103 1062 4162 et
1076 4099 1242 4176 civitatum,
1255 4120 1270 4157 n
1285 4116 1347 4158 non
1357 4094 1507 4179 procedat
1520 4097 1683 4176 usucapio.

106 4187 306 4270 incorporata,
317 4194 460 4256 eitamen
471 4196 585 4270 debita,
601 4199 713 4278 partim
727 4199 864 4278 praescri-
918 4196 1111 4272 Quamquam
1125 4193 1232 4253 Glossa
1245 4192 1318 4254 ibid.
1339 4195 1371 4270 t.
1387 4189 1521 4252 Romani.
1537 4196 1568 4251 et
1584 4193 1616 4268 t.
1633 4189 1684 4253 Ci-

106 4277 213 4344 huntur
236 4285 462 4364 quadriennio,
488 4290 611 4369 quaudo
635 4289 780 4354 videlieet
801 4310 864 4353 non
918 4287 1050 4360 vitatum,
1066 4286 1147 4348 istud
1160 4285 1396 4369 intelligendum
1417 4285 1545 4346 censeat
1564 4282 1604 4345 de
1624 4283 1684 4345 illis

107 4372 307 4441 debentur-ex
320 4381 443 4457 delicto,
460 4383 515 4444 sed
523 4384 563 4445 ob
572 4392 704 4446 mortem
713 4387 865 4449 deceden-
919 4381 1023 4458 rebus,
1040 4397 1109 4459 quae
1124 4381 1236 4441 suntin
1250 4398 1310 4440 usu
1320 4378 1415 4458 ipsius
1424 4376 1529 4458 populi
1539 4377 1684 4450 Romani,
1790 4363 1794 4381 ⁸

106 4467 140 4526 tis
154 4470 217 4530 sine
231 4473 371 4553 legitimo
387 4475 523 4552 herede,
537 4476 557 4538 l.
572 4479 595 4538 1.
613 4495 641 4540 c.
657 4475 692 4540 de
703 4477 863 4554 Onodnbn-
920 4483 973 4536 eut
986 4473 1080 4536 totius
1093 4473 1316 4546 universitatis,
1341 4472 1386 4533 uti
1407 4477 1479 4533 sunt
1498 4487 1549 4532 res
1562 4469 1596 4530 in
1610 4487 1684 4532 cou-

107 4559 146 4619 tt't'
164 4564 382 4646 prescriptien.
419 4568 533 4629 Partim
570 4569 802 4650 quinquennio,
831 4577 866 4633 ut
919 4567 1058 4629 elusione
1086 4573 1300 4628 enumerate:
1329 4565 1405 4627 elias
1434 4581 1535 4626 secus.
1560 4561 1686 4626 Accedit

107 4655 223 4729 qnando
251 4655 406 4719 debentur
433 4676 470 4720 ex
498 4661 622 4734 delicto,
638 4681 669 4722 v.
692 4682 722 4743 g.
741 4663 867 4726 obvea-
919 4661 1008 4732 ratio,
1038 4661 1111 4739 quia
1139 4659 1291 4739 ejusmodi
1318 4676 1369 4720 res
1395 4656 1548 4738 publices,
1578 4659 1685 4735 utpote

108 4742 173 4822 tigal
201 4763 262 4806 non
293 4746 440 4826 solutum,
466 4751 554 4829 juxta
578 4757 694 4814 textum
710 4754 863 4818 inl.Il.c.
920 4755 1064 4818 omnibus
1087 4769 1282 4824 communes,
1308 4769 1327 4813 a
1347 4752 1475 4831 privatis
1498 4769 1561 4812 non
1584 4751 1686 4829 possi-

106 4833 136 4895 de
158 4837 326 4921 Vectiqatit.
352 4844 396 4903 Ae
419 4860 475 4922 per
495 4843 561 4905 bero
575 4849 662 4924 petet
676 4847 716 4907 ad
730 4848 866 4927 priorem
919 4851 1044 4921 dentur,
1059 4846 1114 4909 sed
1128 4845 1304 4926 promiscue
1319 4841 1682 4924 usurpentur‚l.1.§tin.

108 4933 219 5006 partem
241 4933 466 4996 conclusionis:
483 4936 583 5000 altera
596 4957 670 5000 vero
684 4957 756 5019 pars
770 4940 867 5020 liquet
919 4941 952 5004 ff.
969 4941 1004 5002 de
1015 4937 1195 5023 Aeqnirend.
1208 4937 1377 5020 possession.
1395 4937 1487 5016 Atqui
1507 4935 1602 4996 esino
1617 4949 1687 5013 pos-

108 5035 151 5091 eo,
177 5023 252 5103 quia
277 5024 392 5088 dantur
417 5030 575 5092 nonnulle
603 5049 664 5105 res,
689 5050 759 5111 quae
780 5034 866 5094 nullo
920 5036 1059 5096 sessione
1074 5029 1263 5110 prescriptio
1276 5047 1340 5090 non
1355 5028 1505 5110 procedit,
1514 5027 1602 5106 juxta
1615 5041 1683 5105 reg.

108 5114 194 5174 modo
209 5119 368 5197 praescribi
378 5130 518 5200 possunt,
531 5130 625 5204 prout
638 5125 719 5187 illico
733 5127 863 5190 dicetur.
920 5128 950 5187 3.
965 5126 1042 5202 juris
1056 5123 1088 5185 in
1101 5125 1131 5184 6.
1145 5139 1216 5183 cum
1225 5105 1385 5181 similibus.
1398 5117 1570 5181 concordat
1584 5119 1685 5178 textus

108 5206 190 5269 Unde
921 5220 953 5280 in
965 5221 986 5280 l.
1002 5221 1038 5280 ll.
1054 5217 1087 5278 d.
1103 5217 1138 5278 de
1157 5216 1209 5278 Via
1223 5215 1350 5298 publice.
1368 5215 1559 5296 ubidicitur:
1575 5231 1589 5270 n
1596 5211 1686 5273 Viam

144 5303 192 5363 29.
213 5302 302 5366 Liber
315 5304 399 5367 domo
412 5303 536 5390 mneapi
546 5328 603 5371 non
614 5319 716 5393 potest.
726 5345 764 5360 -
778 5311 867 5384 Oua·
920 5312 1077 5392 publicam
1090 5310 1223 5390 populus
1237 5327 1299 5370 non
1320 5308 1436 5371 utendo
1459 5308 1600 5368 amittere
1623 5323 1686 5368 non

110 5393 220 5458 ritorll.
232 5397 364 5468 Qnaeres
374 5401 405 5461 in
417 5402 685 5482 speciepraeseribi
696 5411 866 5485 nequeant
920 5408 1022 5487 potest
1044 5424 1050 5466 :
1074 5425 1089 5463 n
1120 5403 1241 5466 etiamsi
1264 5409 1389 5464 centum
1411 5400 1500 5462 annis
1527 5417 1590 5461 non
1615 5398 1686 5474 iun

109 5485 226 5568 Respl
250 5488 342 5555 Liber
365 5491 457 5555 bomo
475 5495 561 5556 nullo
575 5487 866 5580 unquam'tempore
920 5501 1015 5580 prout
1036 5497 1202 5580 subjungit
1224 5497 1330 5558 Glossa
1353 5512 1407 5556 un.
1433 5492 1507 5554 ibid.
1533 5509 1686 5568 asserens,
