4028 6068
461 308 520 392 ιι.
545 306 594 374 ιιι
614 307 783 389 annual,
805 311 1006 389 nivelone,
1028 313 1210 388 eranam,
1232 319 1314 380 nro.
1620 319 1679 380 aar

115 439 209 524 firr'trb,
222 441 507 522 peraeaeeatiattia
520 443 744 515 duta-Ouod
758 447 864 507 sivero
918 454 948 509 et
962 448 1076 522 honam
1094 449 1188 512 iidem
1211 451 1307 532 ipsius
1332 469 1339 513 :
1364 459 1398 514 ut
1419 457 1467 514 est
1488 451 1678 532 praescriptio

115 536 371 615 prescriptionem,
384 541 477 614 etque
487 539 720 618 usucapionem,
736 557 793 619 per
806 557 863 602 sua
917 539 1085 620 triennalis,
1094 543 1194 621 qualis
1207 543 1309 605 locum
1324 545 1419 607 habet
1432 547 1463 606 in
1473 545 1567 606 rebus
1582 543 1678 606 mobi-

115 628 272 690 esscntieiia
295 629 423 690 delinire
444 631 605 708 placuerit,
621 631 703 694 istud
725 639 795 711 apte
810 632 864 694 fiet
915 632 1006 694 libus.
1027 637 1064 696 Et
1087 635 1144 696 ista
1165 653 1227 697 non
1248 636 1481 718 interrumpitur
1493 655 1550 718 per
1562 637 1678 700 citatio·

113 724 246 786 dicendo:
264 723 458 803 Proescriptio
472 725 646 806 (usucapio)
662 732 709 788 est
723 726 861 806 exceptio
915 743 999 799 nem,
1028 745 1086 789 nec
1109 728 1246 808 perlitis
1270 730 1537 805 contestationem,
1562 730 1623 792 niel
1647 729 1678 789 in

113 835 143 878 ex
156 825 286 896 tempore
300 815 420 896 legibus
435 817 571 880 definitio
587 818 793 880 substantiam
808 837 860 882 ca·
916 821 1043 892 effectu3
1062 828 1094 883 ut
1109 822 1129 882 l.
1146 820 1184 882 si
1193 831 1260 902 poet
1272 831 1432 904 acceptam.
1448 823 1480 885 lt.
1497 821 1534 884 de
1547 821 1603 884 Rei
1609 841 1677 884 vea-

111 914 196 992 piens,
211 929 279 990 quae
302 911 416 972 actioni
435 913 603 992 personali,
617 913 666 974 rel
680 913 711 972 in
725 931 793 975 rem
807 932 861 994 op·
913 909 1002 973 dicat.
1019 912 1137 988 Glosse,
1153 918 1184 975 ιι
1198 915 1350 990 Bar-tolus,
1375 916 1428 976 ubi
1449 933 1553 995 supra,
1568 913 1676 978 etalii.

111 1003 229 1083 ponitur.
243 1007 287 1066 lta
301 1006 409 1066 Glosso
424 1007 509 1068 caus.
522 1007 571 1069 ta.
590 1023 619 1085 q.
632 1009 662 1069 3.
678 1007 710 1067 in
724 1007 857 1070 Sammo.
914 1004 1040 1066 Accedit
1052 1005 1142 1084 ratio,
1158 1009 1230 1088 quia
1245 1007 1329 1071 lititis
1339 1010 1520 1072 contestatio
1528 1026 1591 1070 non
1600 1007 1678 1070 tollit

110 1098 295 1159 Coramurias
310 1099 362 1161 cit.
378 1104 458 1180 part.
473 1102 497 1161 1.
514 1099 544 1160 in
560 1115 587 1159 c.
604 1098 764 1162 Possesaor.
780 1118 810 1162 a.
827 1104 857 1162 l.
912 1095 1050 1158 taronem
1064 1098 1119 1160 rei.

109 1191 265 1270 quilamen
288 1192 458 1272 posteriora
478 1193 585 1266 verba,
601 1193 743 1254 videlicet
762 1214 776 1250 a
789 1209 859 1272 que
954 1192 1002 1252 lt.
1025 1191 1217 1275 Prasmiptto
1238 1193 1344 1270 meista,
1366 1196 1454 1275 qaae?
1473 1226 1513 1242 -
1545 1216 1559 1252 a
1579 1195 1679 1255 Pres-

108 1284 247 1361 actIoui,o
267 1293 327 1346 etc.
351 1286 521 1348 omittenda
535 1286 667 1348 censuit.
683 1285 812 1367 Pirhing
824 1285 856 1347 h.
914 1281 1022 1363 eriptio
1050 1286 1145 1348 mixta
1167 1308 1182 1344 ι
1205 1288 1332 1348 tandem
1346 1295 1403 1362 est,
1420 1292 1489 1368 quie
1504 1287 1600 1349 currit
1613 1295 1677 1349 tam

109 1383 127 1439 t.
139 1397 167 1439 ιι.
182 1381 209 1438 2.
226 1378 334 1440 etalii.
352 1378 467 1441 Dicitur
481 1379 591 1459 primo.
607 1378 776 1459 Exceptro:
790 1395 859 1457 quae
913 1376 1017 1438 levore
1032 1379 1216 1457 possidentis
1227 1379 1568 1458 (obtitulumetbonam
1582 1381 1677 1443 fidem

107 1469 240 1549 particula
255 1475 317 1532 stet
332 1469 399 1533 loco
414 1469 554 1550 generis;
571 1487 642 1531 nam
656 1470 859 1551 praescriptio,
914 1469 1020 1550 ipsius)
1035 1489 1129 1550 quem
1143 1473 1212 1534 odio
1224 1474 1426 1556 negligentis:
1440 1479 1473 1537 ut
1485 1475 1676 1554 prescriptio

108 1567 147 1624 est
164 1563 280 1642 species
302 1563 446 1642 quedam
467 1565 666 1644 exceptionis,
683 1571 714 1625 et
734 1564 860 1644 quidem
913 1566 1033 1640 decem,
1050 1567 1467 1647 velvigintiannorum.Elin
1478 1569 1539 1630 beo
1553 1567 1678 1647 eligitur

107 1654 321 1734 peremptorie.
345 1657 384 1718 nt
404 1655 543 1729 additur,
565 1673 578 1713 ιι
592 1670 631 1717 ex
653 1660 793 1738 tempore
814 1657 860 1718 le·
913 1659 1058 1735 quedam
1085 1659 1135 1720 ria
1162 1659 1275 1737 medio,
1288 1697 1291 1704 ι
1306 1663 1340 1723 ιιι
1357 1677 1419 1720 non
1434 1661 1677 1740 interrumpetur

107 1747 184 1823 gibm
195 1746 325 1810 delinito
340 1748 545 1812 substantiam
553 1751 695 1831 capiens:
707 1768 777 1830 quer
787 1766 860 1830 par·
912 1767 969 1830 per
983 1751 1080 1814 solam
1094 1755 1267 1816 executoris
1280 1753 1469 1832 missionem,
1482 1751 1561 1816 heire
1570 1761 1677 1836 nmen

107 1839 185 1902 ticula
207 1847 268 1904 slat
291 1841 359 1906 loco
381 1843 577 1918 differentiam
595 1843 679 1905 nulla
702 1845 785 1906 enirn
799 1845 859 1906 alia
914 1843 1044 1924 perlitis
1059 1846 1331 1922 contestationem
1361 1853 1395 1907 ot
1416 1847 1438 1910 l.
1462 1845 1546 1908 More
1560 1845 1631 1908 titre.
1646 1863 1674 1909 c.

107 1935 231 2016 exceptio
255 1937 351 2001 habet
374 1953 466 1998 suum
488 1938 626 2000 valorem
654 1955 691 2000 ex
719 1942 859 2018 tempore
912 1937 947 2000 dr
966 1937 1024 2000 lter·
1038 1937 1182 2002 vendicet.
1206 1946 1238 2002 et
1254 1941 1473 2017 nctatGlossa,
1490 1939 1676 2003 etBartolus

105 2025 213 2107 legibus
230 2029 378 2108 delinito,
393 2039 506 2112 preter
525 2031 789 2114 praescriptionem
803 2051 858 2095 seu
912 2029 972 2094 loc.
990 2033 1040 2095 cit.

105 2122 327 2202 usucapionem.
348 2125 462 2188 Ultima
480 2143 554 2188 vero
577 2124 740 2206 particula,
759 2143 858 2205 cquae
953 2127 1002 2186 le.
1025 2125 1218 2208 Proscriptio
1227 2125 1367 2209 primitus
1385 2131 1425 2188 cet
1447 2123 1612 2187 introducta
1620 2141 1678 2207 per

105 2217 213 2296 actoni,
230 2241 244 2276 a
264 2223 326 2282 etc.
347 2220 474 2299 majone
493 2220 641 2282 claritatis
660 2218 759 2298 gratia
773 2219 860 2282 addi·
912 2214 986 2298 teges
999 2217 1105 2296 civiles,
1120 2218 1301 2301 postmodam
1311 2217 1472 2300 approbata
1477 2235 1673 2298 perorares.

104 2315 145 2369 tur
156 2329 209 2390 per
227 2313 382 2388 Glossam,
404 2315 455 2376 ubi
476 2313 569 2393 sup'ra
587 2333 594 2374 :
611 2315 751 2394 quamvis
765 2313 859 2377 etiam
913 2341 952 2356 -
965 2311 1058 2391 Resp.
1073 2314 1109 2374 ll.
1125 2313 1318 2393 Preescriptio
1341 2313 1484 2390 primitus
1506 2311 1563 2373 luit
1583 2311 1675 2372 intro-

105 2419 163 2461 cum
177 2405 362 2467 Covarruala
377 2407 477 2469 omitti
491 2409 601 2469 volem.
912 2403 1005 2464 dueta
1020 2419 1076 2481 per
1089 2405 1174 2484 leges
1189 2403 1304 2480 civiles,
1321 2404 1520 2482 postmodum
1534 2419 1606 2464 rsro
1620 2419 1677 2482 per

135 2497 179 2558 lt.
200 2497 390 2581 Proesniptio
404 2507 445 2560 est
457 2499 577 2580 triplex.
592 2530 633 2546 -
646 2499 798 2571 Quaeritur
807 2499 854 2560 lIl.
912 2511 1016 2557 sacros
1038 2514 1174 2558 canones
1195 2497 1382 2577 approbata;
1409 2496 1578 2557 dummodo
1601 2511 1675 2556 con-

104 2587 261 2669 Qnotuplex
281 2593 322 2654 sit
334 2593 541 2673 praescriptio,
559 2599 591 2656 ιι
604 2610 665 2674 quo
677 2593 747 2671 jure
762 2592 858 2654 intro-
912 2598 1036 2652 current
1050 2590 1160 2651 debitae
1175 2592 1377 2667 conditiones,
1390 2590 1430 2652 de
1440 2591 1592 2670 qulbusin
1607 2609 1678 2670 pro·

104 2681 197 2743 ductat
211 2685 307 2765 Resp.
322 2687 345 2748 l.
361 2685 556 2767 Praescriptio
571 2693 620 2750 est
634 2687 765 2766 triplex:
782 2703 857 2748 nam
876 2686 882 2696 '

103 2777 230 2854 qaedam
253 2786 303 2841 est
326 2780 443 2854 odiosa,
460 2781 605 2860 quaedern
622 2779 810 2856 favorabilis,
826 2784 858 2843 et

102 2871 228 2948 quadam
244 2874 354 2936 mixta.
370 2875 414 2937 lta
429 2875 582 2938 Glossa'in
602 2873 622 2938 l.
640 2873 724 2936 Sicut
738 2874 769 2935 ιιι
782 2893 853 2936 rem.

104 2969 129 3042 t.
139 2968 195 3030 Per
203 2979 384 3032 executorem
396 2977 426 3032 et
438 2971 577 3033 dentatus
587 2971 665 3034 ibid.
678 2969 695 3052 β
706 2969 855 3048 Quadam,

101 3075 123 3120 c.
145 3059 357 3144 chrescrrpt.
380 3063 504 3146 triptota
525 3063 572 3126 cel
583 3063 781 3146 quadraginta
801 3081 855 3124 aa·

101 3170 214 3232 rumm;
235 3155 343 3217 Abbas
365 3175 393 3218 c.
418 3155 501 3220 Illud
517 3166 623 3218 autern.
646 3175 679 3220 u.
698 3159 743 3217 ll.
760 3156 793 3218 h.
811 3163 851 3230 t.;

100 3245 287 3311 llorarruvias
301 3247 382 3330 part.
399 3253 434 3313 ll.
457 3269 485 3312 c.
502 3247 661 3312 Poaaesaor.
676 3251 694 3329 ἓ
712 3256 759 3326 te,
775 3270 806 3311 n.
823 3255 851 3313 t.

100 3341 126 3398 et
133 3339 188 3401 alii.
200 3343 297 3423 ldrple
308 3344 482 3408 ostenditur
491 3344 677 3408 declarando
686 3346 851 3408 terminos:

99 3429 248 3506 siquidem.

131 3526 173 3584 lt.
195 3523 388 3610 Praese-iptio
409 3527 516 3608 odioso,
544 3529 630 3613 qaoe?
649 3563 689 3578 -
713 3553 729 3592 ι
754 3531 854 3594 Pres-

99 3613 191 3693 criptio
204 3620 344 3682 odiosae
363 3623 486 3699 dicitur,
502 3643 571 3705 quae
586 3626 683 3687 currit
697 3627 799 3687 solum
814 3645 852 3689 ex

98 3709 274 3791 negligentia
285 3733 351 3778 non
361 3719 506 3796 petentis,
522 3721 731 3782 nulloattcnto
747 3720 851 3782 lavore

96 3807 323 3881 prescribentis.
352 3813 431 3874 Nam
462 3813 535 3892 quia
567 3815 634 3877 haec
661 3815 851 3896 praescriptio

97 3901 256 3963 secundum
272 3905 361 3986 leges
383 3905 489 3968 civiles
511 3908 612 3970 luerat
631 3909 805 3973 introducta
819 3911 851 3972 iu

97 4005 202 4055 nomm
216 3995 326 4058 odium
346 3999 542 4089 negligentis,
559 4020 615 4064 seu
630 4019 693 4062 non
705 4007 851 4082 repeten-

97 4081 127 4142 tis
138 4103 201 4148 rem
215 4083 307 4150 suam
327 4091 409 4154 intra
427 4097 552 4174 tempus
569 4095 786 4176 longissimum
800 4097 850 4158 tri·

95 4177 168 4255 ginta
180 4183 448 4266 velqaadraglnta
456 4189 724 4270 mnarum(atque
735 4195 850 4255 statute

95 4267 143 4370 init
159 4273 188 4332 in
209 4277 404 4354 punitionem
425 4287 518 4344 lautae
538 4284 734 4365 negligentiae
753 4304 760 4345 :
779 4287 850 4347 binc

96 4377 151 4440 ipsa
169 4367 342 4429 secundum
359 4369 445 4452 leges
459 4372 534 4452 (non
552 4378 656 4437 autem
677 4377 849 4439 secundum

95 4459 228 4538 cauoms)
242 4463 446 4540 procedebat,
456 4469 519 4528 sivo
529 4469 849 4547 prescribeusluisset

95 4545 172 4611 bone
184 4551 268 4624 nael.
285 4555 351 4618 sire
365 4557 454 4620 male
464 4559 548 4635 fldei,
560 4559 668 4624 saltem
679 4563 709 4623 in
719 4563 847 4636 modum

95 4648 272 4724 exceptionis
289 4669 297 4712 ι
314 4651 597 4734 intermmpebatur
611 4661 715 4719 autern
729 4675 784 4738 per
798 4677 849 4720 so-

911 2697 1030 2760 gressu,
1047 2684 1203 2745 conclusio
1217 2685 1388 2746 desumitur
1403 2703 1441 2746 ex
1463 2685 1485 2745 l.
1499 2687 1523 2747 l.
1540 2688 1571 2746 et
1586 2703 1673 2764 seqq.

910 2775 943 2836 ff.
959 2771 994 2838 dc
1012 2775 1213 2857 Urucapc'onit.
1227 2781 1286 2842 etl.
1297 2781 1320 2840 Ι.
1333 2797 1370 2840 ac
1385 2797 1472 2858 seqq.
1489 2798 1516 2840 o.
1526 2777 1561 2840 de
1575 2781 1674 2842 Praes-

910 2868 996 2949 crr'pt.
1006 2868 1085 2950 longi
1097 2877 1217 2951 tempor.
1233 2889 1307 2934 cum
1318 2871 1469 2933 similibus
1482 2889 1489 2932 :
1501 2873 1553 2932 nbi
1569 2873 1675 2951 plures

911 2963 988 3024 tales
1015 2965 1100 3046 leges
1137 2965 1402 3046 prescriptionem
1442 2966 1675 3028 introducentes

910 3054 1116 3133 reperiuntur,
1134 3075 1203 3138 quae
1218 3063 1327 3139 postea
1342 3077 1397 3140 per
1414 3059 1467 3137 jus
1490 3059 1674 3120 canonicum

909 3153 974 3210 toto
988 3149 1047 3213 hoc
1057 3151 1143 3213 titulo
1153 3152 1429 3234 fueruntreceptae,
1440 3159 1471 3214 et
1479 3153 1669 3232 approbate.

908 3241 946 3302 ld
956 3241 1057 3322 ipsum
1073 3245 1273 3308 confirmatur
1287 3263 1326 3308 ex
1336 3267 1361 3311 ι.
1385 3245 1579 3327 legiterae.
1598 3245 1629 3307 h.
1647 3250 1669 3309 t.

909 3335 962 3397 ubi
976 3337 1113 3416 pontifex
1125 3337 1239 3402 latetur
1258 3341 1342 3420 quod
1367 3339 1569 3422 aliphesiuus
1582 3340 1673 3422 legis·

907 3428 987 3490 lator
1000 3436 1126 3511 propter
1134 3431 1293 3494 vitandam
1303 3434 1487 3494 miserorum
1495 3429 1668 3512 segnitiem,

907 3525 941 3584 et
953 3522 1037 3603 longi
1060 3526 1209 3604 temporis
1232 3543 1368 3587 errorem
1391 3529 1422 3588 et
1444 3524 1669 3598 confusionem,

906 3615 1024 3695 primus
1039 3617 1180 3678 triennali
1189 3620 1237 3679 rel
1247 3619 1494 3700 quadrageuuali
1507 3618 1670 3698 praescrip-

907 3709 981 3770 tioui
997 3711 1134 3790 vigorem
1147 3712 1223 3792 legis
1238 3714 1385 3793 imposuit
1401 3730 1409 3774 ι
1425 3736 1439 3772 ι
1459 3719 1553 3792 quam
1576 3712 1669 3772 etiam

904 3804 989 3883 Papa
1003 3804 1130 3880 ibidem,
1147 3812 1177 3868 et
1199 3806 1273 3869 alibi
1292 3827 1388 3888 saepe,
1413 3806 1669 3869 concurrentibus

905 3897 1016 3960 debitis
1030 3899 1256 3962 conditionibus
1270 3903 1462 3982 approbavit.
1651 3907 1656 3916 '

945 3995 993 4056 l9.
1018 3993 1181 4075 Carfitmit
1194 3997 1380 4059 introducta?
1401 4029 1441 4044 -
1460 3997 1556 4059 Porro
1573 4013 1667 4060 causa

904 4089 1119 4151 introducendi
1133 4109 1190 4171 per
1201 4092 1289 4172 leges
1303 4099 1334 4153 et
1348 4109 1483 4156 canones
1499 4093 1552 4173 jus
1574 4109 1667 4172 praes-

903 4185 1071 4265 criptiouis,
1086 4185 1144 4248 fuit
1156 4185 1275 4248 honum
1287 4186 1455 4266 publicum,
1471 4205 1511 4248 ne
1525 4184 1667 4250 videlicet

902 4297 1007 4342 rerum
1034 4280 1171 4342 dominia
1194 4281 1259 4356 diu,
1282 4285 1314 4343 et
1331 4281 1396 4343 lere
1419 4285 1541 4361 semper
1562 4286 1667 4344 essent

903 4375 1031 4453 incerte,
1047 4376 1068 4438 l.
1086 4376 1107 4436 l.
1125 4373 1158 4435 ff.
1173 4373 1208 4437 de
1224 4374 1398 4458 Urucapiaa.
1420 4377 1498 4437 Tum
1519 4377 1554 4438 ut
1570 4391 1666 4456 praes·

903 4471 1067 4535 cindantur
1081 4469 1334 4548 innumerabiles,
1351 4491 1387 4534 ao
1409 4473 1567 4550 perpetue
1583 4470 1664 4545 lites,

903 4584 972 4648 quae
996 4569 1186 4648 ceteroquin
1209 4569 1281 4630 oriri
1301 4575 1439 4648 possent.
1461 4567 1539 4626 Tum
1558 4564 1663 4642 etiam,

902 4667 938 4727 ut
952 4663 1010 4723 hac
1024 4653 1144 4724 ratione
1158 4663 1295 4738 tollatur,
1313 4661 1362 4724 rel
1384 4660 1533 4743 puniatur
1552 4660 1665 4720 misere

92 4734 146 4798 lam
166 4745 342 4806 executoris
361 4745 552 4810 missionem.
575 4751 704 4826 Textus,
728 4750 846 4828 Glossa,
903 4754 1110 4836 quorumdam
1132 4755 1289 4838 segnities,
1312 4774 1380 4817 rem
1407 4771 1496 4816 suern
1524 4757 1665 4832 repetere

93 4829 232 4912 Bastulus,
255 4837 372 4920 aliique
396 4839 537 4904 doctores
559 4842 592 4904 in
615 4844 666 4907 cit.
682 4845 703 4906 l.
718 4843 804 4908 Sicut
818 4848 848 4908 ta
902 4847 1137 4930 negligentium,
1161 4851 1213 4910 ιιι.
1238 4867 1265 4910 ι.
1288 4847 1436 4930 l'igr'taatr'.
1453 4851 1482 4910 5.
1500 4847 1533 4908 h.
1548 4851 1571 4907 t.
1587 4845 1665 4904 Nam

93 4941 155 4987 rem.
178 4945 204 4990 c.
220 4928 256 4993 de
274 4931 437 5014 rrectpr.
459 4935 580 5016 tmgiata
594 4935 641 4998 vel
652 4935 848 5020 quodraginta
902 4943 960 5004 sibi
986 4944 1116 5022 imputet
1140 4941 1315 5023 negligens,
1337 4943 1358 5005 l.
1383 4939 1466 5020 Quod
1486 4941 1560 5023 quie.
1583 4939 1616 5000 ff.
1631 4935 1666 4999 de

93 5033 222 5084 manum
246 5031 356 5105 estque
380 5027 485 5108 quoad
498 5031 628 5091 alteram
651 5039 771 5110 partem
784 5035 848 5112 jam
901 5035 974 5116 Ιιιρ.
985 5036 1053 5118 jur.
1069 5035 1229 5114 Simulque
1248 5037 1320 5117 jura
1340 5035 1538 5118 vigilantibus
1557 5031 1665 5094 subre-

93 5109 197 5176 dictnm
216 5135 312 5200 snpra
340 5117 387 5182 tit.
416 5121 465 5184 111.
495 5121 539 5186 De
565 5122 674 5186 bitetta·
694 5123 844 5194 oblatione.
902 5129 1002 5205 niunt,
1019 5128 1337 5205 nondormientibue;
1360 5138 1395 5191 ut
1415 5127 1582 5191 habeturl.
1597 5125 1666 5190 Noa

92 5223 119 5268 u.
134 5211 196 5273 loe.
213 5215 245 5274 et
259 5207 343 5276 alibi.
902 5225 987 5289 eat'm.
1004 5223 1038 5288 n.
1053 5223 1108 5286 Ει
1121 5225 1224 5306 quibua
1240 5227 1334 5289 causis
1345 5223 1489 5307 'majorca
1514 5229 1571 5287 ιιι.
1598 5233 1628 5289 ιι
1641 5227 1662 5290 l.

125 5301 171 5364 lt.
193 5302 387 5389 Preteriptrb
408 5326 486 5372 mere
505 5310 687 5392 favorabilia,
707 5314 797 5398 pace?
809 5349 848 5366 -
902 5315 1048 5400 Papillae.
1066 5317 1099 5379 ff.
1115 5317 1160 5380 De'
1174 5319 1222 5399 iis,
1235 5321 1339 5402 quein
1348 5317 1481 5400 fraudere
1494 5317 1631 5384 creditor.

96 5413 108 5449 ι
123 5393 314 5480 Prescriptio
335 5418 421 5464 mere
442 5405 618 5468 devorabitis
631 5431 646 5468 ιι
665 5409 779 5472 dicitur
798 5429 846 5506 ea³
942 5416 991 5476 ιθ.
1013 5415 1048 5474 ld
1062 5414 1163 5495 ipsum
1178 5413 1351 5476 declaratur
1362 5432 1400 5475 ex
1413 5430 1462 5475 eo.
1476 5412 1553 5486 Quia
1564 5413 1600 5488 si,
1616 5415 1667 5478 lex

93 5503 153 5566 que
161 5493 257 5558 currit
267 5493 371 5558 lurore
381 5500 568 5581 possidentis
578 5507 703 5585 propter
713 5504 846 5586 titulum,
904 5509 944 5572 ob
958 5509 1136 5573 diuturnam
1151 5508 1379 5592 possessionem
1398 5509 1554 5574 bonafide
1569 5514 1667 5576 conli-
