4008 6074
261 228 263 234 ’
311 247 369 310 sar
419 246 489 308 xm.
512 246 548 308 x.
569 243 778 308 normann.
800 243 870 305 nr.
894 241 985 304 xxx.
1006 239 1058 302 nn
1078 237 1389 312 oourmxxrxoun
1407 239 1516 314 urm,
1539 238 1612 300 vnn
1632 237 1782 302 murm.

310 360 498 458 impetrarit,
513 382 614 458 potest
623 375 722 456 jndex
735 375 775 438 do
788 393 823 438 re
836 373 905 452 illu,
920 388 997 435 num
1010 372 1076 434 lue-
1123 371 1218 434 nubili
1232 389 1325 435 nausa
1339 373 1476 448 timetur,
1491 373 1533 436 ad
1542 365 1764 436 ‘'tesumoniom
1776 373 1884 437 admit·

309 472 351 536 rit
364 471 505 551 litigiosa,
522 486 729 550 cognoscere,
745 469 866 549 hooque
879 467 1075 548 deprehenso
1123 471 1207 541 tere3
1222 465 1414 529 nsvidolioet
1427 468 1468 528 ob
1481 485 1590 528 eornm
1605 469 1884 543 morlom,antdin-
1983 497 1984 510 ι

309 565 343 628 in
369 583 464 627 oense
490 563 686 644 protrudere:
714 581 790 624 nam
811 560 1004 623 confirmatio
1024 559 1076 620 illa
1123 563 1250 622 tunnam
1262 559 1447 635 absentiam,
1464 559 1617 639 probandi
1626 560 1757 624 uentus
1770 561 1886 623 subtra-
1983 575 1984 582 ¹

308 675 372 718 non
386 656 519 736 valebat,
535 673 638 736 nequo
652 653 770 735 aliquid
784 656 854 718 novi
865 655 945 734 juris
958 654 1077 716 tribue-
1122 653 1227 729 hatur,
1244 660 1275 714 et
1287 653 1402 716 veritas
1415 655 1599 720 oecultotua

308 751 374 827 bat,
389 768 458 830 oap.
481 766 503 812 1.
525 750 557 812 h.
582 756 604 812 t.
630 749 777 812 Similiter
790 749 899 812 littera
914 743 1077 811 oonflrma·
1164 751 1214 811 29.
1235 747 1286 810 Ea
1300 756 1394 810 tumen
1412 747 1465 830 jue
1490 767 1597 810 murm
1622 766 1680 810 uon
1708 748 1822 824 tribuit,
1842 750 1887 811 sed

310 843 402 905 tionis
429 860 523 923 super
549 843 713 920 sententia,
738 861 757 904 a
781 859 843 921 qua
856 842 957 904 inerat
970 840 1077 924 appol·
1124 849 1271 904 conemur
1283 840 1427 904 duntaxat
1437 842 1601 924 animuum.
1614 861 1656 890 -··
1674 840 1767 922 Reap.
1789 843 1823 904 ll.
1838 843 1885 903 Ni·
1983 889 1984 908 .

310 937 417 1010 latum,
434 937 527 999 tacito
543 936 749 1017 appellatione
763 938 934 1017 impetrata
948 955 1012 998 non
1025 954 1078 1000 va·
1125 933 1293 996 bilominns
1315 939 1372 1014 per
1391 935 1622 998 innovationem
1644 934 1884 1016 privilegiorum,
1983 921 1984 952 ³

309 1031 385 1105 lent,
400 1048 505 1110 neque
519 1031 702 1094 confirmant
716 1031 905 1093 sententiam
918 1029 1030 1110 lam,
1045 1050 1074 1094 o.
1125 1033 1180 1092 aut
1193 1028 1326 1090 aliorum
1339 1028 1686 1108 insbnmentornm,jns
1700 1047 1816 1090 norum
1829 1047 1886 1090 non

309 1125 402 1186 Boura
428 1125 584 1187 memoria
608 1128 637 1188 3.
663 1123 696 1186 b.
713 1131 737 1187 t.
751 1123 899 1204 idemque
910 1123 1078 1188 ditandum
1126 1123 1306 1204 aequiritur,
1323 1125 1597 1204 nequeantiquum
1610 1125 1824 1200 oonfirmstur;
1836 1127 1887 1187 sod

310 1217 350 1280 de
365 1217 528 1280 similibus.
1091 1233 1094 1238 ·
1126 1219 1187 1280 talo
1210 1219 1259 1296 jus
1282 1219 1444 1297 antiquum
1465 1218 1617 1282 duntaxat
1639 1219 1685 1299 (si
1707 1219 1792 1298 qnod
1815 1221 1886 1299 erat)

349 1309 1079 1392 28.Inuouutbpriuilepiorum,stultorumiuetru·
1126 1315 1338 1376 conservatur.
1361 1314 1406 1374 lta
1429 1312 1480 1374 eit.
1504 1331 1533 1375 o.
1552 1311 1628 1374 Cum
1641 1311 1757 1376 dilecto.
1772 1318 1804 1376 l.
1820 1314 1850 1376 b.
1865 1321 1886 1375 t.

310 1403 1076 1488 mentorumpotestfim',aeuotustotecorrumpootur.
1123 1409 1231 1488 juncto
1254 1406 1434 1484 summario,
1461 1413 1491 1470 et
1509 1405 1688 1470 doctoribus
1705 1407 1781 1469 ibid.
1804 1408 1888 1470 Unda

310 1496 505 1569 -Quoeritur
517 1498 566 1559 IV.
583 1497 662 1569 Ouid
676 1499 875 1561 sentiendum
889 1499 929 1562 sit
937 1500 975 1563 da
986 1499 1080 1560 inno·
1126 1502 1231 1562 minus
1253 1501 1319 1576 est,
1345 1498 1503 1562 innovatio
1521 1499 1685 1580 privilegn'i,
1709 1517 1804 1579 quam
1825 1501 1887 1578 ejus

311 1589 680 1672 vauonoprivilegiomm
689 1591 883 1670 aliorumque
892 1591 1080 1653 instrumen-
1126 1591 1338 1656 confirmatio:
1358 1609 1415 1672 por
1432 1591 1513 1654 hano
1528 1591 1622 1667 enim,
1640 1593 1736 1654 etiam
1749 1593 1781 1652 in
1794 1591 1887 1654 torma

311 1681 437 1745 torum?
459 1681 552 1762 Resp.
577 1685 602 1745 l.
624 1684 800 1765 Privilogia‚
821 1691 856 1746 et
882 1685 940 1746 alia
963 1683 1078 1744 instru-
1126 1688 1276 1750 duntaxat
1289 1686 1447 1748 communi
1460 1686 1594 1758 farum,
1609 1686 1710 1766 major
1723 1684 1884 1764 aliquafir·

292 1779 416 1838 'manta
436 1777 564 1856 antiqua
584 1784 715 1856 possunt
741 1777 896 1852 renovari,
920 1794 963 1838 nn
981 1775 1077 1838 nimie
1126 1781 1229 1854 mitae,
1244 1785 1337 1858 atque
1351 1780 1519 1842 auotoritas
1532 1777 1691 1841 confertur
1704 1779 1790 1841 actui
1805 1787 1884 1839 :non

312 1963 407 2025 nubili
421 1982 516 2026 sauss
528 1965 702 2027 timendum
716 1966 765 2041 sit,
775 1982 816 2028 ne
826 1971 964 2046 pereant.
973 1964 1077 2043 sicque
1126 1971 1181 2028 ant
1193 1965 1319 2044 majoris
1333 1965 1486 2028 firmitatis
1500 1964 1539 2027 de
1553 1981 1634 2026 noro
1648 1965 1766 2038 tribuit,
1779 1965 1832 2026 sed
1844 1982 1885 2024 so.

311 2055 444 2120 fortuitis
457 2055 580 2118 casibus
594 2055 794 2120 subtrahatur
807 2055 959 2136 probandi
981 2055 1079 2118 facul·
1125 2059 1192 2120 lum
1205 2056 1340 2119 deservit
1353 2057 1394 2118 ad
1407 2057 1576 2119 faciliorem
1585 2056 1800 2136 probationem
1812 2057 1882 2136 ejus,
1983 2061 1984 2066 ’

311 2155 370 2227 isa,
387 2149 1078 2213 etverilssoooultelur.ltahabeturdeoisum
1126 2149 1656 2230 quodinprivilegioolimoonoesso
1665 2147 1880 2210 continebatur.

311 2261 340 2307 o.
358 2240 432 2306 Cum
445 2239 561 2304 dilecta.
573 2245 602 2304 t.
613 2243 644 2304 lr.
655 2247 676 2304 t.
686 2243 782 2322 quue
795 2261 852 2323 per
865 2243 1078 2306 extensionem
1165 2246 1213 2306 30.
1238 2243 1388 2306 Conclusio
1402 2243 1488 2307 totius
1502 2242 1581 2306 libri.
1604 2273 1644 2292 -
1664 2244 1704 2304 Et
1724 2242 1790 2302 hoeo
1809 2241 1881 2303 diota

312 2336 504 2398 extensivam
513 2335 676 2398 deducitur
689 2337 804 2400 ibidem
818 2357 857 2400 ex
870 2338 991 2420 legibus
1005 2337 1078 2400 civi·
1126 2336 1280 2399 sufficiant
1300 2336 1332 2397 in
1355 2335 1469 2399 librum
1490 2338 1664 2401 secundum
1683 2335 1879 2408 Decemblium

312 2429 404 2504 libus,
420 2429 533 2508 quibus
546 2429 587 2491 ob
600 2431 738 2494 rationes
752 2429 915 2511 predictas
938 2429 1078 2493 oonoedi·
1125 2429 1299 2510 nsdantque
1314 2431 1355 2491 ad
1368 2416 1517 2508 Maiorem
1530 2431 1669 2492 Gloriam
1687 2431 1763 2504 Dei,
1782 2432 1831 2508 qni
1842 2435 1882 2490 est

312 2527 374 2597 tur,
390 2521 484 2583 etiam
498 2522 550 2584 lite
565 2541 628 2584 non
648 2527 821 2586 contestata
841 2526 936 2586 testes
958 2521 1076 2584 valetu-
1125 2523 1313 2586 Benedictus
1326 2525 1359 2586 in
1378 2525 1503 2587 stannla.
1529 2527 1642 2588 Amen.
1666 2521 1880 2603 (sororina

312 2615 619 2693 dinarios‚etalios‚
634 2616 673 2679 de
688 2617 801 2697 quibus
814 2616 970 2698 exaliqua
983 2617 1076 2679 ratio-
1126 2617 1260 2698 XXVII.)
1453 2646 1468 2684 s
