4028 6068
396 311 481 396 5111.
504 317 554 378 ιιι
575 312 677 379 sous
696 316 785 378 rme
805 315 857 376 m
877 311 1217 376 rnusemmrouuu
1237 275 1448 384 meusim.
1654 311 1714 376 aar

132 443 235 518 Ihm
249 445 485 530 suffirirtotsolo
498 447 571 530 fillo
583 447 726 526 olrior'tioq
742 449 896 529 ᾐώρει
949 445 1015 519 aie,
1030 463 1101 526 que
1116 445 1309 508 annuerem
1329 445 1402 508 6ᾱοὶ
1425 445 1595 524 oetboliore,
1619 449 1716 526 atquo

130 539 187 604 illo
199 539 516 620 sumulmrroemde
527 540 595 619 juro
608 539 752 614 emunire,
774 559 824 602 seu
843 559 897 621 per
949 537 990 600 ad
1003 539 1182 602 excitandos
1196 539 1412 620 episcoporum
1425 540 1546 600 animos
1564 555 1620 618 pro
1640 557 1715 602 oon-

128 632 279 696 rourilr'urr
293 633 435 713 promulo,
450 643 478 696 et
491 635 568 696 curt
580 667 621 684 -
637 634 811 696 Fatendum
830 634 896 714 qui·
949 634 1091 694 versione
1114 633 1303 708 interilum,
1328 634 1371 696 sie
1394 634 1508 696 statuit.
1535 634 1716 712 (MINOTA-

129 727 200 788 dem
214 733 274 800 est,
291 725 376 806 quod
394 733 531 806 spectato
551 727 623 804 jore
644 725 736 800 civiti,
762 727 835 788 olim
854 727 896 788 ad
948 726 1010 788 'llo
1030 725 1148 806 XVIII.)

128 819 395 900 proscriptionem
408 820 595 882 tulennnlem
608 837 710 883 rerum
721 819 894 896 mobilium,
989 821 1037 881 63.
1060 818 1214 894 Debitum,
1236 839 1306 882 num
1326 839 1372 882 raa
1391 821 1431 883 sit
1449 841 1514 899 suu,
1535 841 1586 885 nee
1605 842 1651 902 oe,
1675 839 1716 886 os

127 911 207 974 sieut
235 917 270 976 et
296 912 338 974 ed
358 911 619 992 praescriptionem
642 912 726 992 longi
748 914 897 993 temporis
947 911 1039 990 porro
1056 910 1272 992 proserr'tere?
1294 911 1398 976 Stante
1420 913 1475 975 too·
1493 913 1592 987 dolis,
1613 918 1717 998 nequit

126 1007 233 1068 ¹rerum
257 1006 478 1080 immobilium,
500 1007 632 1069 sufficiat
654 1007 735 1068 bona
755 1007 834 1068 fides
855 1009 897 1068 ab
950 999 1080 1063 ιἰιιήοιιπ
1097 1002 1291 1084 prororr'ptio.
1312 1037 1353 1057 -
1375 1007 1528 1076 onerum
1547 1009 1582 1072 Il.
1603 1009 1714 1071 Utrum

126 1101 213 1162 initio
229 1099 349 1176 habite,
364 1099 387 1163 l.
404 1119 458 1162 un.
474 1117 502 1162 o.
518 1099 554 1162 de
566 1099 740 1182 Uaucoprbu.
751 1098 897 1182 tramsm-
950 1091 1105 1165 dubitans,
1122 1114 1196 1156 num
1211 1113 1261 1156 uas
1275 1096 1315 1160 sit
1329 1115 1397 1176 sna,
1412 1115 1471 1160 neo
1485 1117 1535 1175 ne,
1552 1107 1716 1163 censeatur

127 1193 227 1257 mand,
245 1199 348 1272 Atque
363 1193 477 1258 ideireo
499 1193 617 1256 diutins
637 1193 793 1272 possessio
813 1195 898 1255 bons
950 1187 1066 1250 habere
1081 1187 1195 1251 bonam
1205 1189 1308 1263 fidem,
1321 1191 1481 1271 possitque
1496 1195 1716 1270 [Jtoescribtl'flb

126 1288 186 1350 tide
201 1305 262 1367 per
275 1287 459 1350 defunctum
473 1293 586 1368 empta,
602 1287 701 1368 prosit
715 1289 782 1367 ejus
797 1287 897 1348 hare·
950 1282 1042 1360 Resp.
1059 1283 1081 1344 l.
1098 1281 1131 1344 Si
1143 1284 1204 1345 tale
1218 1283 1350 1345 dubium
1364 1285 1464 1348 adluit
1475 1285 1517 1348 ab
1535 1288 1631 1363 initio,
1652 1307 1716 1350 non

126 1381 167 1456 ut,
182 1399 250 1446 non
266 1381 411 1444 obstante
435 1381 519 1461 quod
539 1381 639 1444 heres
659 1381 710 1442 ille
734 1381 810 1442 sciat
830 1397 896 1440 rem
950 1378 1095 1436 consetur
1108 1374 1177 1454 quis
1191 1377 1306 1438 hahere
1322 1377 1434 1439 bonam
1450 1378 1559 1454 fidem3
1575 1379 1717 1462 oleoque

127 1493 195 1538 esse
210 1473 429 1547 alienamur.
444 1475 465 1536 ι.
481 1493 535 1537 uu.
551 1475 616 1555 ets
636 1473 771 1538 bruera.
796 1471 895 1534 instit.
951 1481 988 1526 uo
1016 1469 1118 1528 sunu
1144 1469 1252 1548 nequit
1273 1469 1412 1531 inchoari
1439 1473 1641 1553 proscriptio·
1672 1477 1716 1536 lte

126 1569 159 1632 de
177 1569 358 1650 Usuropron.
374 1569 463 1640 Quod
477 1569 579 1648 ipsum
593 1569 688 1632 etiam
707 1567 846 1648 presedit
865 1566 897 1627 in
952 1559 1057 1620 Abbos
1071 1579 1137 1639 cup.
1155 1561 1210 1624 ult.
1230 1581 1258 1624 n.
1276 1565 1324 1626 39.
1341 1565 1373 1624 h.
1390 1568 1434 1637 t.;
1458 1567 1600 1628 llartolus
1613 1567 1635 1628 l.
1651 1567 1718 1630 No·

126 1663 365 1744 praescriptione
387 1662 559 1743 longissimi
580 1663 748 1742 temporis,
772 1661 897 1740 triginta
923 1743 927 1752 ι
952 1654 1130 1737 rualenus
1151 1656 1255 1732 Qum
1275 1665 1375 1720 “Imm
1395 1661 1605 1742 tupervettt'tm·
1630 1663 1662 1722 fl·
1683 1661 1718 1722 dt

126 1759 244 1824 scilieet
257 1757 308 1822 vel
323 1757 529 1838 qnadraginta
543 1775 709 1830 annorum,
731 1756 753 1818 l.
776 1755 815 1819 Si
833 1751 899 1837 quio
955 1747 1129 1831 Uaueopioo.
1140 1767 1155 1828 ;
1185 1749 1385 1814 Gorarrnvias
1405 1755 1438 1816 iu
1460 1773 1526 1835 reg.
1552 1755 1712 1818 Ροιιιιιον.

126 1851 548 1935 empireum.§(lrrodriquu.
566 1851 830 1933 eorrumpi.
843 1845 899 1938 tri7
951 1843 1407 1924 purt.ll.§‘t.u.3;lersius
1426 1848 1480 1910 lib.
1503 1851 1538 1910 ll.
1561 1848 1596 1911 dr
1615 1849 1714 1910 lusor.

125 1945 207 2026 piritu
222 1945 272 2006 vel
284 1943 481 2026 quodroqinto
494 1963 600 2007 eonor.
616 1960 654 2005 eo
677 1943 794 2019 addito,
817 1951 851 2006 ut
873 1945 898 2004 sl
951 1943 980 1996 0¹
991 1933 1058 1998 ΛΨ·
1075 1953 1144 2018 oep.
1160 1955 1200 2000 Vl·
1219 1941 1268 2013 ¹02
1283 1939 1424 2019 ⁸¹¹0&ssss
1444 1961 1663 2016 Immunem?
1687 1951 1719 2006 ot

125 2038 329 2120 prascripsor
342 2040 457 2100 masam
471 2037 566 2100 fldem
580 2039 723 2101 habuissit
736 2037 776 2100 ab
797 2038 895 2112 initio,
951 2028 1013 2090 diri
1029 2037 1152 2110 egomet
1166 2031 1232 2112 ipse
1246 2034 1279 2094 in
1292 2033 1423 2116 Tteoloq.
1435 2036 1540 2098 moral.
1552 2039 1642 2102 treet.
1657 2039 1716 2101 VII.

126 2131 365 2211 praescriptione
380 2130 551 2210 longissimi
565 2131 899 2211 temporisoequiratur
952 2123 1022 2186 dist.
1044 2127 1075 2186 6.
1098 2144 1131 2186 ιι.
1156 2128 1204 2188 ll.
1226 2127 1317 2189 Retio
1338 2133 1396 2202 est,
1419 2131 1490 2208 quia
1512 2131 1656 2194 dubitans
1678 2151 1718 2194 an

125 2224 183 2302 ipsi
204 2224 277 2286 sole
301 2223 455 2286 retinendi
477 2223 627 2304 excepti0.
652 2222 767 2285 Verum
789 2224 898 2304 hujus-
950 2216 1135 2291 168δί1860,
1152 2218 1200 2278 rol
1213 2217 1352 2292 alterius,
1365 2219 1480 2300 injrrsta
1494 2223 1560 2302 agit
1573 2241 1644 2286 eam
1656 2223 1717 2285 sibi

125 2317 208 2379 modi
221 2317 316 2396 leges
328 2316 406 2394 jnris
420 2315 527 2392 civilis,
544 2335 616 2377 oum
630 2317 748 2395 absque
768 2321 896 2396 pensato
950 2310 1144 2390 arrogemus
1162 2329 1234 2374 oum
1247 2330 1309 2374 non
1325 2312 1364 2374 sit
1378 2315 1490 2375 melior
1509 2315 1644 2378 conditio
1661 2335 1718 2378 sua

124 2409 252 2472 mortali
268 2409 427 2472 Observafi
440 2409 645 2488 nequiverint,
662 2409 815 2490 simulque
833 2411 899 2472 fue.
951 2419 1046 2480 quum
1059 2405 1199 2477 Rufillus,
1215 2423 1267 2484 qul
1286 2423 1356 2467 eam
1377 2423 1444 2467 rem
1464 2408 1550 2487 plius
1571 2409 1719 2489 pssflsedss·

124 2503 184 2562 rint
198 2501 357 2564 nutritive
370 2501 488 2580 peoouti
503 2520 511 2574 3
527 2518 565 2562 eo
581 2500 664 2578 quod
677 2499 819 2562 homines
833 2517 897 2580 prae
951 2503 1010 2574 rat,
1027 2497 1083 2558 sed
1098 2502 1225 2563 eoontru
1239 2499 1349 2561 melior
1368 2499 1460 2564 tuerit
1481 2503 1585 2582 hujus,
1611 2509 1719 2584 utpote

124 2593 286 2658 desiderio
299 2593 518 2676 presoribendi
534 2593 738 2656 animaverint
748 2593 788 2654 ad
802 2591 901 2654 conti·
950 2589 1139 2670 possessoris
1153 2591 1307 2654 conditio:
1332 2611 1407 2674 ergo
1422 2593 1561 2668 lemnon
1576 2606 1722 2660 censetur

124 2687 292 2750 numomn
307 2687 453 2767 injustam
462 2688 506 2748 rei
521 2686 630 2747 aliems
647 2685 894 2766 possessionem
951 2684 1068 2746 hebere
1090 2683 1206 2748 nomm
1227 2685 1333 2761 tidem,
1359 2689 1460 2767 qualis
1488 2691 1657 2768 requiritur
1681 2691 1720 2752 ed

124 2781 166 2842 de
184 2781 274 2844 tauto
297 2779 430 2860 amplius
452 2797 516 2840 non
538 2781 724 2859 procedunt,
749 2781 803 2842 sed
827 2787 900 2844 sunt
951 2778 1228 2857 prescriptionem.
1245 2779 1335 2851 Quod
1349 2781 1374 2842 si
1389 2799 1462 2843 vero
1478 2801 1529 2844 res
1550 2790 1643 2845 entes
1662 2784 1721 2846 tuit

122 2893 183 2954 per
196 2873 369 2936 eonsilium
381 2874 540 2953 generula,
556 2874 689 2935 relatum
702 2892 771 2954 cap.
791 2873 847 2935 ult.
863 2873 895 2936 h.
952 2871 1012 2934 sub
1026 2871 1139 2931 nullius
1153 2872 1302 2946 dominio,
1322 2874 1382 2934 hoo
1400 2873 1468 2953 ipso
1487 2875 1523 2938 lit
1544 2877 1644 2955 primo
1668 2893 1721 2938 oo·

123 2975 146 3030 t.
164 2971 330 3040 correctae,
351 2974 444 3047 atque
466 2968 636 3048 affigetur,
660 2986 697 3028 ea
722 2967 825 3030 addite
848 2987 899 3030 ru·
953 2965 1113 3044 oupautis;
1130 2966 1237 3045 sieque
1251 2974 1353 3029 cesset
1369 2970 1447 3030 retio
1461 2969 1558 3032 dubii.

123 3063 231 3126 tione:
258 3057 448 3132 uouentem
471 3079 574 3136 omne,
600 3063 684 3140 quod
705 3079 769 3124 non
791 3065 839 3124 est
862 3079 900 3122 ex
993 3061 1042 3120 ur.
1065 3057 1200 3122 Solvitur
1215 3061 1366 3122 quentio.
1385 3059 1528 3125 Βιιῠίιαιιι
1542 3083 1611 3124 nom
1624 3063 1722 3125 roseit

122 3155 201 3230 fide,
217 3162 382 3235 peceatum
397 3159 454 3218 est.
470 3175 486 3214 ι
503 3153 590 3226 Quod
605 3155 790 3234 ipsumjem
808 3159 900 3216 antee
952 3171 1017 3229 suo,
1040 3169 1090 3213 uec
1112 3151 1225 3227 bonum,
1247 3171 1298 3216 oee
1319 3154 1429 3216 maimo
1448 3155 1537 3237 fidem
1558 3157 1652 3220 taut.
1682 3191 1720 3204 -

123 3249 315 3312 decreverat
328 3247 502 3310 Alexander
515 3248 565 3310 Ill.
581 3247 696 3311 relatus
715 3248 747 3308 in
767 3266 794 3310 o.
822 3246 900 3326 Vr'pi·
953 3245 1054 3306 Illoes.
1079 3245 1138 3318 Oui
1157 3244 1289 3324 dubitat,
1314 3248 1374 3310 hoo
1398 3249 1465 3329 ipso
1489 3266 1552 3310 uon
1575 3249 1633 3312 seit
1654 3267 1722 3312 rem

123 3341 213 3405 lontr'.
229 3347 263 3406 5.
279 3343 312 3404 h.
327 3347 350 3405 t.
369 3343 408 3404 ut
431 3341 567 3420 quidem,
593 3359 665 3402 oum
686 3359 847 3404 versemur
866 3341 899 3401 lu
953 3356 1021 3400 esee
1036 3338 1190 3413 alienam;
1207 3357 1283 3422 ergo
1297 3359 1360 3403 nou
1375 3342 1471 3406 habet
1483 3343 1598 3406 melem
1613 3344 1719 3420 tidem,

122 3435 262 3498 materie
276 3439 483 3496 concernente
498 3433 629 3496 salutem
643 3433 831 3504 animarum,
846 3433 900 3496 ist·
953 3437 985 3493 at
1006 3441 1234 3511 cousequenter
1256 3435 1351 3498 habet
1374 3436 1491 3499 bouem
1513 3437 1625 3512 tidem,
1648 3457 1720 3500 oum

123 3527 196 3589 hec
209 3525 290 3604 juris
300 3524 441 3586 canonioi
457 3523 617 3603 dispositio
634 3525 808 3604 inutroque
818 3523 898 3598 toro,
953 3525 1027 3604 quir
1039 3530 1142 3605 potest
1155 3529 1347 3608 praescriptio
1362 3529 1511 3592 inoboari.
1530 3533 1623 3610 llesp.
1644 3549 1716 3610 neg.

121 3626 192 3680 tam
206 3617 288 3680 clrili
314 3615 467 3690 uidelicet,
492 3634 586 3696 quum
609 3615 828 3688 eeclesiastico,
853 3623 900 3679 est
952 3625 1154 3695 consequent.
1180 3621 1274 3694 Quin,
1300 3631 1334 3684 ιιι
1356 3629 1443 3685 notet
1465 3625 1573 3686 Glosso
1594 3626 1627 3685 iu
1648 3627 1668 3686 l.
1693 3628 1716 3686 l.

123 3711 338 3787 observande,
352 3710 440 3788 justa
454 3728 492 3772 ea
513 3727 583 3790 quea
604 3709 701 3772 Iustus
724 3710 807 3772 diota
831 3711 899 3772 tue-
954 3716 986 3791 y.
1012 3711 1215 3776 Inteumerit.
1241 3733 1268 3776 o.
1294 3714 1330 3777 de
1353 3716 1523 3798 Arqeirend
1544 3736 1660 3800 possess.
1690 3725 1720 3780 et

124 3807 201 3866 mut
224 3801 369 3882 superius
390 3801 423 3864 in
445 3803 598 3880 prooemio
621 3803 692 3864 libri
712 3804 735 3864 l.
760 3801 897 3864 oerrua-
951 3803 1060 3866 Glosse
1073 3804 1128 3866 fin.
1143 3805 1179 3868 ll.
1196 3806 1228 3869 u.
1257 3807 1320 3870 Pro
1342 3809 1443 3872 soluto
1469 3818 1500 3873 et
1518 3811 1720 3872 Commorim

123 3897 211 3958 liuor.
228 3897 310 3978 §lu
326 3913 359 3956 n.
376 3898 445 3958 ΞΠ.
462 3897 532 3958 utu.
548 3898 580 3957 et
594 3913 679 3976 seqq.
952 3898 1005 3959 oit.
1020 3915 1052 3958 n.
1069 3901 1098 3960 3.
1116 3899 1274 3980 ignoturus,
1296 3920 1351 3963 seu
1372 3904 1528 3982 dubious,
1550 3923 1589 3966 au
1611 3921 1663 3965 res
1681 3905 1720 3968 sit

163 3993 217 4052 62.
244 3987 378 4050 Solvitur
400 3987 538 4050 ιἰιιιιιιιιιὶι
561 4005 598 4050 ee
619 4007 685 4070 rap.
710 4005 733 4066 r,
757 3987 787 4052 lr.
813 3996 833 4050 t.
859 4019 899 4038 -
953 3991 1201 4064 suessionem,
1218 3995 1405 4057 neumatum
1422 3996 1514 4058 tidem
1529 3997 1640 4070 haben
1664 3997 1723 4059 du

121 4083 231 4146 Diues.
257 4083 293 4144 ln
315 4099 384 4160 eap.
408 4099 430 4142 1.
455 4081 488 4144 h.
512 4089 535 4144 t.
557 4088 588 4145 et
605 4101 675 4144 ean.
695 4081 824 4146 Placuit.
847 4087 896 4146 16.
952 4087 1004 4146 tur
1031 4084 1114 4144 euim
1138 4085 1277 4146 medium
1299 4104 1355 4165 per
1378 4087 1634 4168 abnegationem,
1663 4105 1719 4150 seu

122 4193 155 4253 q.
174 4177 206 4236 3.
224 4173 368 4247 habetur,
387 4171 472 4250 quod
485 4173 649 4253 episeopus
662 4174 766 4236 locum
781 4193 799 4236 a
814 4193 847 4236 se
858 4175 900 4237 acl
953 4179 1195 4256 suspensionem
1204 4178 1375 4258 utriusque,
1392 4180 1517 4260 quolam
1532 4180 1625 4244 hebet
1645 4199 1718 4244 vere

121 4269 223 4330 tidem
248 4283 433 4328 conuersum
454 4284 510 4344 per
527 4266 696 4330 triennium
720 4267 900 4346 praescribat
953 4267 1111 4347 dubitans,
1135 4289 1202 4351 erg.
1227 4271 1249 4332 l.
1270 4274 1293 4334 l.
1311 4274 1418 4351 junctu
1441 4275 1552 4335 Glosse
1573 4277 1604 4352 y.
1632 4273 1716 4338 Velle.

121 4369 235 4424 eontra
259 4357 356 4419 alium
377 4357 580 4436 episeopum,
605 4357 658 4437 qui
682 4357 802 4420 interea
826 4376 898 4420 eum
951 4361 986 4422 ff.
1002 4361 1037 4426 de
1053 4361 1320 4427 Moumoustra.
1337 4367 1429 4446 Atqui
1451 4367 1495 4428 nd‘
1511 4367 1718 4428 inoboeudum

121 4473 192 4516 uon
205 4449 362 4530 repetivit,
379 4468 436 4513 seu
449 4449 562 4523 tecuit3
579 4468 654 4530 ergo
668 4451 762 4514 etiam
777 4450 898 4531 dejure
952 4455 1219 4534 praescriptionem
1236 4457 1308 4535 jura
1336 4459 1466 4536 positive
1484 4459 1646 4538 requirunt
1666 4459 1721 4520 bo·

122 4544 281 4608 canonico
296 4541 435 4622 procedit
449 4542 639 4621 praeruptio
650 4542 895 4608 ournmulofide.
952 4563 1026 4606 nom
1039 4545 1153 4620 tidem;
1170 4554 1204 4609 ut
1217 4548 1239 4609 l.
1257 4567 1309 4609 un.
1326 4567 1352 4611 o.
1369 4549 1405 4611 de
1423 4547 1597 4632 Usuoopr'oo.
1618 4558 1717 4612 trono·

122 4641 226 4720 llesp.
247 4655 318 4715 neg.
346 4641 549 4713 oonsequent.
571 4635 649 4706 Quia
671 4634 833 4715 episeopus
856 4637 899 4698 lo
951 4636 1100 4716 [ιιιιιιιιιιί.
1116 4640 1179 4701 ibi:
1201 4643 1294 4703 ullor
1312 4647 1432 4704 tuntum
1454 4641 1659 4718 obseruando,
1685 4650 1719 4706 ut

122 4749 203 4794 eum
217 4726 458 4792 convertensad
471 4725 566 4789 fidem
575 4725 769 4798 eetholioum
781 4727 898 4818 bonum
952 4731 984 4790 in
1005 4730 1053 4792 luis
1076 4733 1220 4793 omnibus
1239 4735 1361 4796 ensibus
1379 4733 1419 4796 ub
1438 4735 1525 4798 initio
1547 4736 1718 4800 sumbone

122 4841 211 4904 opus
227 4826 386 4901 operatur,
401 4837 438 4882 eo
452 4819 633 4898 neutiquam
651 4829 770 4900 peceat,
791 4822 898 4900 sieque
952 4819 1014 4882 fide
1029 4822 1151 4901 capiet:
1168 4843 1183 4880 ι
1201 4841 1274 4884 oum
1287 4823 1450 4888 similibus.
1466 4827 1555 4890 Unda
1570 4846 1641 4890 vera
1659 4828 1717 4889 du·

120 4921 259 4984 nonest
269 4915 302 4976 in
315 4911 493 4974 melotide:
515 4912 657 4990 quamvis
671 4911 761 4991 lupen
775 4913 899 4974 triennii
952 4914 1066 4988 bitum,
1082 4933 1123 4974 uu
1144 4933 1196 4976 res
1219 4917 1257 4978 sit
1278 4935 1336 4979 sua
1358 4919 1406 4979 vel
1428 4920 1540 4995 aliona,
1566 4921 1625 4982 troo
1647 4921 1715 4999 ipso

117 5014 180 5094 jus
196 5010 228 5071 in
247 5006 365 5070 fficium
383 5004 487 5066 locum
510 5003 569 5066 sibi
593 5006 758 5082 compatet,
783 5021 850 5076 non.
869 5013 899 5074 vi
953 5007 1060 5086 nequit
1077 5010 1342 5090 prescriptionem
1362 5010 1509 5093 melpum,
1532 5031 1571 5076 ex
1594 5013 1715 5076 delectu

122 5101 228 5165 solius
241 5093 482 5178 proscriptionis
496 5093 549 5174 (ad
561 5094 642 5156 haue
656 5093 739 5154 enlm
753 5113 818 5156 nou
837 5095 900 5158 sut·
952 5099 1043 5162 boum
1057 5101 1142 5164 fidei.

121 5195 237 5258 ficeret
270 5189 460 5262 triennium,
495 5187 633 5266 quinimo
667 5187 899 5266 requirerentur
992 5195 1045 5254 65.
1069 5192 1152 5269 Quod
1177 5196 1205 5256 si
1232 5195 1351 5259 dubium
1378 5205 1445 5279 post
1471 5199 1717 5280 promptiones

123 5281 436 5368 quadragintorum,
452 5299 480 5342 o.
496 5280 671 5361 Deqoorto.
692 5287 723 5344 l.
747 5289 778 5344 et
798 5300 825 5344 o.
848 5282 901 5346 Aa
953 5283 1025 5346 bono
1039 5285 1098 5368 fide
1111 5296 1231 5368 coptum
1246 5293 1440 5373 superveniet,
1459 5311 1515 5352 uon
1533 5293 1720 5375 interempti

123 5397 226 5440 oum.
241 5379 271 5440 6.
286 5377 318 5439 h.
335 5377 372 5455 t.)
387 5374 445 5436 sed
463 5392 502 5436 ex
523 5374 649 5455 speciuli
667 5375 897 5452 eonstitutione‚
948 5377 1209 5460 proscriptionem
1225 5390 1278 5444 eto.
1294 5417 1333 5430 -
1346 5385 1439 5462 Resp.
1454 5385 1489 5445 ll.
1507 5383 1595 5454 Quod
1613 5385 1638 5446 si
1659 5387 1715 5448 tlu-

123 5488 337 5553 eupremeque
352 5469 535 5534 securitate
548 5475 662 5535 murto
678 5469 785 5534 metus
795 5469 899 5534 lloole·
952 5471 1039 5535 bium
1067 5477 1138 5553 post
1161 5475 1427 5557 prescriptionem
1457 5477 1539 5541 bona
1567 5477 1629 5542 fide
1649 5481 1715 5562 jum
