4016 6056
583 248 720 330 quum.
742 243 1318 314 uueouoeenrnseuunrarn.
1678 255 1737 319 tar

160 385 214 447 iiia
228 399 369 464 wiennae
382 382 608 458 consueverint,
619 385 672 443 reu
688 381 854 448 debuerint
866 401 923 466 per
976 381 1094 452 obitum
1107 383 1285 466 hujusmodi
1298 383 1449 458 vacante,
1463 383 1514 446 uel
1530 384 1564 448 in
1578 391 1736 464 posterum
1760 399 1764 408 “

161 481 356 556 electionem,
372 493 427 539 sou
445 477 585 556 quemvis
607 478 702 540 ellum
724 479 853 541 mudum
874 497 924 542 aa·
976 490 1132 547 vocatura.
1155 481 1274 542 iturans
1293 477 1491 553 munasterio,
1514 465 1737 559 prioremque

160 577 252 654 sumi,
276 589 360 633 nuuc
382 572 467 650 apud
487 569 600 634 Sedem
622 573 826 652 apostolicam
848 589 924 657 qno·
976 577 1119 660 gnitates,
1134 575 1329 654 personatus,
1345 572 1527 648 decanatus,
1542 573 1740 639 administra-

160 683 282 749 eunque
295 665 389 728 modo
403 665 555 740 naum,
571 668 648 730 etin
659 674 818 748 posterum
830 684 924 734 uaca-
975 670 1087 748 dones,
1113 670 1223 745 efficia,
1248 669 1459 745 canonicatus,
1483 667 1678 751 prebendae,
1705 675 1740 732 et

159 767 240 838 tura,
256 776 315 825 nee
336 775 399 822 non
418 777 479 840 per
500 759 736 841 depositionem,
752 766 802 828 rel
822 767 924 846 priua·
976 767 1138 842 ecclesias,
1163 771 1336 844 ceteraque
1350 763 1502 826 beneficia
1515 763 1737 838 eecledaaii'ca,

161 860 293 931 tionem,
320 871 375 917 seu
409 853 643 918 trarblan‘onern
676 875 733 938 per
765 875 838 937 nos,
865 879 923 925 seu
977 861 1147 935 saecularia,
1169 865 1200 922 et
1219 854 1384 939 regularia,
1407 871 1478 918 eum
1499 873 1584 932 cura,
1604 858 1653 918 sel
1671 857 1738 919 siue

159 951 341 1020 crebritate
354 951 462 1012 nodia
478 948 586 1024 ianas,
606 957 639 1013 et
659 953 692 1012 in
714 959 787 1016 ante
806 953 923 1018 iacien-
975 974 1061 1034 cura,
1085 969 1292 1036 quecunque,
1314 955 1346 1015 et
1366 951 1592 1031 qualiacunque
1612 950 1735 1027 inerint,

159 1043 359 1109 mubihbet
374 1061 382 1104 ε
396 1044 458 1104 neo
471 1058 534 1103 non
552 1043 594 1105 ed
611 1061 679 1122 quaa
695 1047 789 1128 aliqui
803 1050 835 1110 in
848 1065 924 1112 eurr·
980 1049 1099 1112 etiemri
1121 1048 1162 1109 ed
1189 1046 1241 1109 illa
1267 1061 1407 1125 persona
1435 1045 1660 1118 consueverint,
1673 1043 1738 1105 'seu

159 1140 265 1204 cordia
291 1137 344 1200 rel
368 1135 524 1200 discordia
548 1137 654 1214 electi,
681 1139 749 1204 siue
776 1143 922 1222 postulati
979 1141 1144 1206 debuerint
1156 1133 1213 1221 pe'r
1222 1140 1415 1214 electionem,
1428 1157 1483 1201 seu
1494 1140 1632 1219 quemvis
1642 1139 1738 1201 aliurn

158 1234 284 1312 inerim,
299 1244 432 1312 quorum
455 1229 564 1292 electio
585 1237 715 1311 mesen,
740 1251 796 1296 sen
817 1233 923 1314 postu-
976 1237 1103 1302 modum
1123 1236 1251 1307 assumi,
1272 1249 1342 1314 quse
1362 1233 1494 1314 memoli
1516 1250 1572 1313 per
1591 1249 1661 1308 nos,
1683 1250 1739 1296 ssu

158 1322 448 1407 unumquenque
467 1341 524 1402 per
545 1343 600 1388 eos
619 1327 702 1391 iacta
721 1327 919 1408 renuntiatio,
976 1331 1159 1396 auctoritaie
1171 1333 1276 1392 nostra
1291 1327 1331 1389 ad
1344 1325 1605 1405 patriarchalium,
1622 1326 1740 1389 archie-

158 1429 190 1488 ct
211 1421 348 1486 admissa
370 1418 551 1483 auctoritate
574 1427 678 1484 nnana
701 1421 844 1504 extiteiit,
865 1441 923 1488 sen
975 1424 1188 1509 piscopaliurn,
1218 1424 1249 1484 et
1276 1418 1498 1499 episcopalium
1524 1419 1737 1494 ecclesiarum,

158 1533 291 1597 quorum
306 1514 494 1593 'clerorum
515 1515 565 1578 vel
586 1517 819 1596 postulatorum,
840 1526 870 1584 et
890 1523 921 1583 in
975 1535 1109 1583 necnon
1124 1511 1382 1578 monasteriorum
1396 1512 1739 1594 regiminaobtinonout

158 1617 252 1672 antea
264 1607 490 1688 eligendorum,
505 1623 561 1669 eeu
574 1609 829 1688 postulandornm
843 1613 922 1675 elee-
975 1621 1114 1692 tempore
1141 1609 1370 1691 promotionum
1397 1606 1437 1669 de
1462 1607 1537 1686 ipsis
1563 1607 1737 1683 iacturum,

157 1706 277 1768 tionem
299 1703 431 1775 mesen,
454 1719 511 1764 seu
532 1701 772 1782 nocentiorem
794 1703 919 1786 repelli,
976 1727 1058 1770 nuuc
1072 1721 1256 1790 quormque
1270 1702 1363 1763 modo
1376 1701 1528 1780 recentia,
1549 1710 1604 1765 aut
1620 1702 1652 1763 in
1666 1715 1740 1784 pos-

157 1804 212 1860 ani
223 1795 484 1860 renuntiationem
498 1793 618 1859 admitti
633 1813 690 1876 per
702 1811 771 1868 noa,
782 1806 836 1861 eut
851 1813 922 1863 suc-
975 1809 1076 1865 iorum
1089 1805 1257 1872 uacamra3
1272 1812 1331 1858 nec
1349 1813 1410 1856 non
1432 1795 1523 1856 eiiam
1543 1809 1600 1874 per
1620 1811 1742 1857 assecu-

156 1893 281 1956 toritste
303 1894 408 1954 noenu
429 1891 587 1972 confinget
607 1887 690 1971 apud
710 1893 822 1956 sedem
842 1910 922 1976 pre-
976 1897 1093 1960 tionem
1120 1893 1279 1974 pacificam
1306 1903 1561 1970 quorumcunque
1587 1890 1742 1968 prioratu-

157 1987 283 2059 dictam,
307 1986 357 2047 vel
379 1983 452 2046 alibi
475 1985 665 2064 ubicunqne,
689 1993 720 2049 at
751 1988 844 2051 etiam
866 2005 922 2069 per
976 2010 1041 2069 um,
1050 1984 1477 2072 personatuumofficiorum,
1489 1983 1739 2058 canonicatuum,

157 2075 277 2144 obitum
300 2078 504 2142 cardiualium
527 2079 668 2160 ejusdem
690 2081 835 2144 Ecclesia
863 2080 923 2143 lto-
975 2085 1224 2166 prebendamrn,
1254 2077 1468 2156 ecclesiarum,
1493 2084 1547 2140 aut
1575 2077 1741 2140 beneflcio·

156 2190 270 2249 manaa,
286 2173 531 2236 antelucinium
549 2173 638 2236 diotre
659 2174 759 2248 Sedis,
784 2175 922 2255 quandiu
976 2195 1046 2241 rum
1059 2178 1202 2250 aliorum,
1217 2190 1274 2253 per
1286 2191 1344 2236 uos
1357 2189 1413 2235 sau
1423 2171 1609 2261 auctoritate
1619 2174 1742 2234 nonro-

156 2269 259 2331 offlcie
273 2262 435 2332 actualiter
447 2266 772 2342 tenebuntpidoitcet,
783 2270 923 2333 vinaceo·
976 2289 1045 2334 rum
1068 2273 1241 2335 lilterarum
1262 2267 1440 2330 immediate
1463 2266 1658 2342 collatorum,
1682 2281 1739 2327 seu

155 2361 283 2436 cellarii,
300 2359 474 2435 ammorii,
489 2364 608 2437 septem
622 2357 813 2424 omanorum
835 2363 923 2444 audi·
976 2363 1236 2429 conferendorum
1257 2356 1474 2443 inposterum,
1490 2365 1696 2438 preterquam
1715 2357 1741 2418 al

156 2455 232 2521 toris
245 2456 417 2517 litterarum
432 2449 702 2532 contradictarum,
717 2462 748 2518 et
761 2459 923 2537 apostolici
976 2461 1090 2524 virtute
1119 2458 1227 2539 grette
1256 2454 1455 2534 expectatione
1483 2452 1633 2515 assecutio
1668 2450 1742 2524 iiet,

155 2548 262 2632 palatii
289 2559 453 2610 caumrum
479 2547 667 2624 auditorum,
699 2552 919 2630 correctorum,
975 2569 1059 2615 nuno
1084 2549 1340 2622 caronnacum
1363 2553 1455 2610 antea
1476 2545 1742 2625 vacatura,plena

155 2649 282 2706 centum
296 2645 328 2705 et
340 2637 433 2701 ouius
447 2639 631 2718 scriptorum
644 2641 816 2703 litterarum
830 2659 922 2723 apos-
977 2665 1072 2726 snper
1084 2644 1265 2725 premissis,
1281 2641 1435 2716 omuibus,
1458 2645 1488 2701 et
1511 2639 1651 2720 singulis,
1671 2655 1743 2702 cum

154 2739 329 2808 celisanum,
350 2741 381 2798 et
397 2734 507 2814 viginti
531 2741 663 2812 mutuor
684 2731 922 2816 poehitantiarie
976 2741 1122 2805 batribus
1135 2737 1248 2802 nostris
1262 2735 1427 2798 collatione
1441 2731 1623 2814 praehabita,
1635 2737 1742 2794 etme-

153 2829 401 2912 prelataededis,
415 2834 446 2890 et
458 2828 714 2910 vigintiquinque
728 2831 923 2895 abbreviate-
976 2841 1045 2899 iura
1059 2831 1282 2896 deliberatione
1297 2832 1414 2903 secuta,
1431 2823 1625 2904 ordinationi,
1637 2825 1743 2904 dispo·

153 2945 238 3004 rum,
254 2942 313 2987 nec
331 2932 396 2986 non
416 2922 553 2984 uirorum
575 2925 830 2987 commensalium
851 2917 923 2987 noc·
976 2929 1089 3002 sitient,
1106 2944 1143 2989 ao
1154 2923 1321 3005 provisioni
1336 2925 1449 2984 nosne
1463 2920 1502 2981 de
1520 2920 1659 2998 ipsorum
1679 2918 1742 2980 ira-

153 3024 334 3093 nonomen
352 3017 484 3078 aliorum
502 3011 611 3096 uiginti
634 3011 768 3097 mutuor
790 3017 923 3098 capella·
974 3029 1058 3085 trum
1072 3019 1211 3092 consilio,
1234 3014 1420 3078 auctoritate
1443 3011 1629 3094 Apostolica'
1642 3025 1742 3074 reser-

153 3129 268 3176 norum
287 3111 375 3174 Sedis
394 3108 535 3190 ejusdem
554 3111 587 3172 in
608 3101 764 3192 epitaphio
786 3112 921 3192 descrip-
975 3131 1094 3177 ramus.
1110 3111 1320 3175 Decernentes
1334 3125 1373 3170 ex
1386 3123 1469 3167 nunc
1482 3104 1616 3179 irritum,
1633 3106 1664 3166 at
1677 3103 1742 3165 ina·

152 3207 270 3286 torum)
289 3210 321 3268 et
340 3204 435 3266 otiam
452 3219 709 3282 quorumcunque
732 3205 919 3285 legatorum,
975 3225 1027 3285 ne,
1055 3208 1080 3270 si
1108 3221 1197 3268 secus
1224 3219 1319 3285 super
1344 3199 1525 3282 premissis,
1549 3203 1582 3260 et
1604 3197 1743 3278 quolibet

153 3319 212 3364 sen
225 3299 435 3376 collectorum,
450 3313 487 3358 ac
500 3297 533 3358 in
546 3297 636 3359 terris
650 3297 798 3362 Romanae
818 3301 922 3363 liccle-
975 3319 1096 3375 eorum,
1111 3315 1169 3380 per
1186 3313 1391 3376 quoacunque
1414 3295 1522 3374 quavis
1545 3293 1738 3370 auctoritate,

152 3394 207 3456 sie
222 3397 391 3463 rectorum,
412 3405 450 3452 uc
471 3389 735 3452 thesaurariorum
758 3391 921 3474 deputato-
975 3393 1119 3463 scienter,
1135 3389 1183 3454 vel
1196 3390 1386 3471 ignoranter,
1403 3383 1568 3463 contigerit
1581 3385 1738 3447 attentari.

152 3501 235 3558 rum,
256 3497 314 3546 seu
332 3483 498 3543 missorum
519 3479 682 3554 hactenus,
696 3485 747 3547 tel
768 3484 921 3566 deputen-
1012 3485 1074 3565 §3.
1095 3487 1199 3548 ultam
1219 3483 1322 3565 piacet
1343 3479 1444 3554 nobis,
1469 3477 1553 3557 quod
1573 3477 1607 3537 in
1629 3485 1741 3540 metro·

151 3576 277 3650 domm,
293 3577 349 3637 aut
362 3571 584 3636 mittendorum
598 3572 631 3636 in
648 3581 816 3654 posterum,
837 3591 921 3640 nnuc
973 3579 1129 3661 politanis,
1146 3584 1176 3640 et
1195 3573 1424 3640 cathedralibus
1446 3571 1541 3633 etiam
1561 3570 1739 3634 immediate

152 3669 306 3746 umentia,
332 3674 363 3730 et
390 3667 421 3728 in
444 3673 535 3728 antea
558 3671 714 3742 moenera,
742 3665 920 3751 ubicunque
974 3691 1038 3735 nou
1052 3673 1198 3752 subjectis
1213 3667 1362 3742 ecclesiis,
1383 3671 1414 3728 et
1433 3661 1611 3726 monasterii
1631 3663 1740 3726 imme-

151 3762 251 3825 dictce
268 3761 398 3840 legatos,
421 3759 473 3820 uel
495 3755 746 3834 collateraneae
769 3765 917 3840 rectores,
973 3765 1056 3829 diate
1079 3764 1225 3844 subjectis
1247 3761 1319 3825 Sedi
1340 3740 1536 3839 apostolice,
1558 3756 1635 3820 iiaut
1658 3758 1739 3819 olec-

152 3860 184 3917 et
196 3851 418 3927 thesaurarius,
435 3854 603 3930 antequam
619 3852 658 3916 ad
671 3853 842 3918 itomanam
863 3857 920 3919 tiu·
972 3857 1074 3920 tiones
1087 3855 1255 3930 canonicae,
1271 3870 1340 3934 quae
1355 3851 1396 3913 ad
1414 3850 1529 3912 dicum
1550 3849 1663 3911 Sedena
1685 3851 1741 3912 de·

151 3947 232 4010 riam
258 3943 417 4017 redierint,
442 3959 499 4004 sen
525 3946 678 4021 venerint,
702 3946 797 4009 rebus
826 3948 919 4012 criml
972 3951 1122 4030 terantur,
1138 3968 1216 4031 quas
1237 3949 1331 4013 etiam
1353 3947 1395 4008 ad
1417 3949 1541 4025 tempus
1564 3948 1662 4008 const.
1682 3945 1736 4028 iel.

150 4035 539 4120 contigeritabbnmania,
554 4053 691 4102 necnon
710 4041 920 4119 quorumlibet
972 4062 1035 4108 rec.
1058 4045 1174 4107 Nicoiai
1195 4061 1284 4124 papae
1298 4043 1348 4106 lli.
1370 4039 1488 4118 incipit.
1506 4037 1669 4118 Cupientes
1685 4055 1738 4100 ex-

149 4149 209 4213 pro
222 4131 459 4211 quibuscunque
472 4129 607 4208 negotiis
622 4128 662 4194 ed
676 4134 849 4195 itomanam
862 4135 919 4196 (lu-
971 4137 1165 4218 peotebimus
1181 4157 1189 4200 ι
1207 4144 1238 4199 ct
1252 4136 1356 4214 elapso
1371 4131 1451 4193 dicto
1465 4134 1620 4208 tempore,
1633 4131 1659 4190 ei
1673 4148 1737 4192 non

150 4228 231 4288 riam
245 4223 437 4289 venientium
458 4241 515 4284 seu
536 4224 630 4286 etiarn
652 4227 865 4289 recedentium
879 4227 919 4290 ab
970 4235 1178 4312 praesentata,
1193 4229 1244 4290 vel
1257 4227 1281 4287 si
1296 4224 1505 4304 praesentatae,
1524 4221 1627 4282 minus
1645 4239 1737 4284 cane·

150 4317 315 4392 eadem,ai
336 4316 369 4378 in
391 4315 466 4379 locis
485 4334 505 4378 a
527 4316 609 4380 dicta
631 4317 724 4382 Curia
741 4320 821 4382 ultra
840 4321 918 4383 duas
972 4323 1049 4385 nicae
1063 4321 1188 4397 inerint,
1204 4316 1454 4400 providebimns3
1481 4315 1514 4375 et
1533 4311 1559 4372 ei
1579 4315 1736 4375 canonice

150 4412 252 4474 dietas
278 4409 396 4491 legales
424 4423 486 4471 non
513 4409 697 4474 distantibus
715 4414 787 4494 jam
814 4414 918 4478 iorsau
971 4415 1097 4488 hreriut,
1113 4432 1166 4475 eas
1180 4409 1444 4482 confirmabimus,
1459 4405 1519 4466 nisi
1542 4421 1580 4465 ex
1602 4404 1739 4466 ratione·

150 4504 296 4579 obierint,
313 4503 361 4564 rel
374 4519 427 4564 eos
440 4501 472 4563 in
486 4505 582 4566 autea
601 4503 642 4566 ab
661 4503 720 4568 hec
742 4505 811 4569 luce
833 4511 918 4570 tram
971 4503 1036 4582 bili,
1053 4511 1083 4567 et
1097 4502 1230 4566 sudanti
1245 4516 1349 4572 cansa
1371 4497 1411 4559 de
1432 4495 1585 4558 dictorum
1606 4494 1736 4556 iratrum

150 4598 213 4659 sira
236 4593 417 4674 contigerit3
442 4596 475 4657 et
495 4596 588 4657 etiam
610 4595 701 4658 simili
724 4597 817 4660 modo
840 4615 919 4678 quo-
970 4597 1115 4674 consilio,
1142 4595 1182 4659 de
1209 4592 1358 4674 digniori,
1389 4592 1421 4651 et
1446 4586 1560 4680 utiliori
1594 4603 1735 4667 persone

149 4705 346 4768 rumcuuque
368 4687 532 4752 curitlium
550 4691 817 4770 peregrinationis,
833 4691 918 4754 iniir-
971 4689 1151 4754 duxerimus
1165 4682 1402 4768 providendum,
1417 4680 1551 4762 proviso,
1564 4679 1648 4758 quod
1661 4697 1736 4741 cou-

149 4781 276 4858 mitatis,
293 4781 574 4857 conmucationis,
591 4783 640 4843 vel
653 4782 715 4844 aliu
731 4801 917 4864 quaeamus
970 4783 1083 4847 firmati
1097 4781 1247 4863 predicti,
1263 4797 1319 4858 per
1337 4792 1391 4839 ece
1409 4772 1534 4855 provisi,
1555 4771 1735 4850 metropoli-

149 4893 246 4940 oauaa
268 4875 309 4937 ad
329 4875 446 4954 quavis
467 4874 536 4936 ioca
558 4874 780 4954 secedentium,
801 4877 826 4937 si
850 4895 915 4953 eos,
970 4877 1050 4939 tanis
1063 4874 1138 4948 suis,
1154 4876 1184 4936 et
1198 4864 1731 4950 aliisprestantdebitajuranrenta,

148 4974 319 5047 antequam
346 4965 387 5028 ad
414 4965 528 5038 dictam
556 4966 680 5029 Curiam
705 4967 864 5044 redierint,
885 4970 916 5030 in
971 4974 1002 5030 et
1015 4967 1085 5040 elia,
1101 4965 1142 5027 ad
1156 4981 1225 5044 qnae
1239 4962 1361 5042 dejure
1380 4966 1533 5023 tenentur.
1557 4957 1596 5019 nt
1614 4955 1647 5017 iu
1669 4972 1735 5016 mo-

147 5061 227 5124 iocis
241 5061 322 5122 ultra
343 5058 423 5121 duas
445 5059 544 5121 dietas
567 5059 607 5122 ab
630 5059 740 5122 eadem
763 5062 867 5137 Curia,
881 5066 917 5126 ut
969 5046 1732 5128 rutenisdictaeSediimmediatenonsubjeotis3

148 5149 357 5232 premittitur,
372 5166 436 5211 uon
456 5150 584 5214 murone
604 5149 784 5230 (dummodo
807 5169 915 5216 eornm
969 5158 1001 5215 et
1013 5152 1081 5213 aliis
1100 5144 1484 5230 regulonnnancnenciia
1506 5157 1602 5222 snper
1620 5141 1734 5220 quintu

147 5243 311 5324 proprium
337 5240 528 5306 domicilium
554 5261 619 5304 nen
645 5245 756 5308 existat
786 5243 915 5327 ibidem)
968 5264 1024 5326 pro
1051 5241 1299 5316 confirmatione,
1322 5247 1353 5301 et
1366 5236 1541 5319 provisione
1563 5235 1605 5295 ad
1619 5233 1733 5296 dictem

145 5339 214 5418 jem
232 5337 336 5398 torma
354 5332 555 5412 decesserint,
573 5337 623 5399 vel
636 5339 669 5400 in
681 5343 840 5418 posterum
859 5357 914 5402 ens
968 5337 1081 5400 Sedeur
1094 5353 1157 5398 uon
1170 5331 1331 5398 consueuit
1344 5329 1452 5392 baberi
1461 5343 1617 5400 recusus,
1628 5325 1729 5404 electi,

147 5427 314 5508 configent
335 5427 375 5490 de
396 5427 501 5492 medio
524 5429 716 5508 submonui,
742 5431 836 5494 obem
857 5447 915 5512 per
967 5447 1025 5494 seu
1038 5429 1092 5507 ilii,
1108 5427 1222 5510 quibus
1236 5421 1460 5508 prouidendum
1474 5427 1532 5499 ost,
1548 5437 1605 5502 pro
1619 5419 1732 5483 confir
