4064 6062
341 344 398 408 ltu
651 344 723 406 LIB.
744 345 779 406 11.
802 343 1010 412 uncturae.
1032 344 1104 408 Til.
1128 342 1230 406 XXIV.
1252 342 1304 406 DE
1323 341 1604 405 tuuutuunuuo.

340 475 408 538 tiori
441 475 580 556 procedit
600 475 632 536 in
650 476 828 555 juramento
850 475 933 555 qnod
952 475 1050 537 tendit
1069 475 1102 537 in
1157 508 1196 522 -
1209 476 1302 555 Resp.
1321 475 1356 538 ll.
1382 474 1510 546 Quando
1532 491 1606 541 nero
1628 475 1679 538 lor
1700 493 1803 556 noque
1825 494 1922 556 snper

339 568 552 649 prejudicium
565 569 639 630 honi
653 569 790 648 publiai;
810 572 897 650 puta,
914 570 987 649 quia
1001 576 1099 644 notus,
1155 567 1246 630 tonis
1259 569 1397 631 moribus
1411 568 1615 645 naturalibus,
1631 588 1734 650 neque
1752 591 1845 653 super
1866 591 1925 652 pu-

339 663 404 726 sive
418 666 604 735 contractus,
624 662 835 743 principaliter
852 663 910 727 tuit
929 663 1103 744 prohibitus
1141 660 1237 724 utico
1250 661 1335 722 hono
1348 660 1507 740 tundetur,
1522 662 1578 726 sed
1590 661 1803 743 principaliter
1823 666 1925 745 raspi-

340 752 532 818 oblavorem
546 755 723 836 publicum:
740 772 814 818 nam
831 757 914 818 olna
932 755 1103 835 publicum,
1158 755 1200 818 eit
1221 755 1359 818 levorem
1381 755 1514 837 pelenti,
1536 754 1608 818 lieet
1630 755 1816 819 seormdmio
1839 764 1874 818 et
1895 759 1926 818 in

339 847 530 927 privatorum
550 849 647 928 paulis
669 849 782 913 mutari
805 866 867 910 non
889 851 1003 929 potest,
1028 872 1042 909 n
1069 850 1105 911 ιιι
1159 848 1410 928 consequentiam
1424 848 1829 931 respiciatisvoremntqua
1843 852 1924 914 utili-

339 941 471 1004 hahetur
485 940 505 1004 l.
521 941 574 1004 tos
583 940 745 1023 poblicum.
760 941 793 1005 ti.
809 939 845 1002 de
858 940 957 1004 Portis
971 947 1003 1004 et
1015 959 1042 1005 o.
1067 940 1107 1004 Si
1158 947 1255 1004 telem
1267 943 1441 1023 puhlioem3
1454 943 1747 1022 tnnojurumeotnm
1757 945 1837 1007 adeo
1853 963 1928 1007 eon·

339 1029 483 1114 dilipenti.
499 1035 549 1095 tn.
564 1031 599 1096 de
612 1033 690 1096 Foro
703 1040 824 1116 compet.
840 1039 949 1114 estque
969 1031 1104 1113 amplius
1157 1033 1261 1098 firmat
1284 1039 1498 1112 contractum,
1526 1041 1561 1100 nt
1591 1053 1654 1098 non
1678 1041 1801 1100 tantm
1824 1039 1926 1118 ipsum

340 1125 458 1188 dietum
472 1143 565 1206 supra
580 1145 612 1192 n.
628 1129 679 1189 90.
693 1133 724 1189 et
738 1145 824 1206 seqq.
1154 1129 1367 1210 juramentum
1381 1131 1420 1192 sit
1435 1132 1633 1209 servandum,
1658 1130 1713 1192 sed
1732 1133 1829 1194 etiem
1852 1150 1926 1194 oon-

380 1222 447 1285 123.
470 1220 516 1282 Et
530 1219 645 1303 quondo
658 1220 838 1282 observantie
857 1218 1022 1300 juramenti
1039 1237 1104 1280 oer-
1156 1229 1283 1299 uarius,
1298 1223 1371 1286 lieet
1383 1223 1573 1303 rutamquin
1585 1223 1748 1287 invalidus.
1759 1227 1805 1288 lte
1818 1223 1926 1288 nubas

337 1315 383 1396 pit
396 1314 428 1378 in
439 1314 645 1396 prejudicium
658 1315 759 1377 salutet
773 1321 898 1378 retorem
916 1344 956 1361 -
969 1313 1103 1378 Ulterius
1156 1335 1185 1380 ι.
1202 1315 1277 1381 Cum
1290 1317 1448 1398 ronnnpot.
1463 1335 1496 1378 ιι.
1512 1320 1543 1379 6.
1559 1320 1591 1380 ιι
1604 1321 1634 1380 8.
1651 1317 1683 1382 Ιι.
1705 1325 1727 1381 ι.
1741 1337 1751 1391 ;
1772 1321 1927 1382 Garamu-

337 1409 559 1488 juramontum,
574 1409 662 1489 cnjus
677 1409 871 1473 observantie
886 1407 984 1490 vergit
997 1409 1029 1468 in
1043 1406 1103 1470 dis·
1156 1410 1220 1474 ries
1242 1411 1295 1474 eit.
1319 1429 1350 1474 ι.
1374 1411 1511 1488 Quamuis
1527 1420 1658 1493 paetum.
1687 1419 1768 1493 part.
1791 1415 1827 1476 11.
1853 1413 1875 1492 5
1896 1417 1925 1488 l,

337 1502 486 1582 pendium
501 1504 607 1566 salutis
623 1509 757 1580 aeterna,
774 1520 838 1564 non
850 1501 1012 1566 confirmet
1032 1517 1102 1580 put·
1155 1525 1187 1569 n.
1205 1510 1261 1582 lt;
1278 1509 1429 1586 Senonas,
1445 1508 1498 1571 lib.
1515 1511 1563 1572 lll.
1581 1509 1612 1569 in
1626 1508 1762 1592 Dmolop.
1778 1527 1850 1591 esp.
1868 1527 1926 1582 ιιι,

337 1599 415 1674 tum,
431 1597 689 1667 veloonlreotum
705 1597 831 1678 dejure
853 1595 1032 1662 invalidum.
1055 1593 1102 1656 Si·
1155 1619 1187 1663 n.
1207 1605 1258 1677 43,
1282 1606 1334 1665 tl.
1357 1609 1389 1665 at
1409 1619 1498 1683 seqq.
1518 1602 1617 1664 nitens
1638 1602 1743 1682 plures
1766 1603 1865 1676 alios;
1893 1621 1928 1682 ep

337 1689 464 1768 quidem
485 1689 664 1770 hujusmodi
687 1690 897 1766 iuramentum
918 1687 1032 1750 nullius
1055 1693 1102 1750 est
1154 1696 1440 1760 conpppdanedietn
1454 1697 1632 1776 superinsg
1653 1697 1789 1776 pennoti,
1812 1715 1844 1760 n,
1870 1701 1923 1762 93,

336 1781 544 1864 obligationis,
560 1790 591 1847 et
604 1783 742 1846 roboris:
759 1801 815 1864 per
829 1784 932 1844 textus
945 1800 977 1843 n.
997 1783 1047 1846 73.
1070 1788 1101 1844 et
1154 1809 1191 1852 aa
1206 1809 1293 1872 quq,

335 1881 385 1938 75.
401 1878 562 1959 allegatos.
1043 1956 1050 1968 .
1196 1887 1262 1945 127.
1288 1882 1466 1965 &forantur
1483 1882 1571 1962 trojae
1584 1883 1728 1966 enernpla.
1754 1917 1794 1933 -
1813 1886 1926 1946 Exem-

375 1975 443 2042 124,
473 1972 523 2036 Vel
533 1973 635 2036 saltem
647 1991 684 2036 en
695 1981 781 2054 porte
793 1971 946 2052 ratperto,
961 1969 1019 2034 sive
1030 1967 1100 2032 reri·
1152 1977 1205 2058 pla
1219 1979 1313 2058 hujus
1327 1987 1409 2053 sunt,
1426 1997 1495 2059 que
1511 1979 1636 2042 adducit
1644 1981 1795 2059 Idymen,
1805 1978 1859 2042 lib.
1871 1982 1922 2056 lv,

329 2069 438 2150 pientii
452 2070 662 2152 turpitudinem
675 2069 810 2132 eontinet.
825 2101 865 2118 -·
879 2069 916 2130 lit
929 2067 988 2132 hoe
1010 2065 1101 2130 intel-
1156 2069 1289 2154 Theolop.
1306 2071 1410 2135 moral.
1426 2079 1516 2135 treet.
1532 2073 1580 2134 lll.
1601 2089 1671 2152 oep.
1691 2089 1756 2134 ιιιι.
1777 2091 1809 2134 ιι.
1836 2077 1866 2135 l.
1894 2079 1926 2135 et

333 2163 493 2244 ligendum
508 2168 555 2228 est
569 2183 631 2226 uon
646 2165 747 2226 solum
761 2161 800 2225 de
811 2161 1000 2242 juramento,
1016 2159 1101 2238 quud
1153 2163 1280 2246 Pirhing
1293 2167 1326 2230 h.
1342 2173 1378 2246 t,
1394 2185 1426 2229 n.
1444 2169 1513 2229 tus.
1533 2167 1582 2228 Sia
1604 2167 1687 2228 enim
1711 2166 1802 2245 valet,
1823 2174 1922 2247 atque

334 2258 400 2320 eine
414 2267 541 2339 peceato
556 2260 666 2339 nequit
679 2259 835 2322 observari
850 2257 921 2337 (hoe
936 2255 1019 2318 enim
1033 2255 1100 2318 nul·
1152 2261 1327 2340 juramento
1353 2260 1553 2324 confirmetur
1575 2259 1762 2324 renuntiatio
1785 2260 1859 2322 filine
1880 2261 1921 2322 de
2014 2287 2015 2326 t

333 2353 456 2416 latonus
485 2357 533 2417 est
553 2352 782 2434 obligatorium)
806 2349 863 2412 ead
883 2349 977 2412 etiem
997 2348 1037 2410 de
1060 2365 1098 2410 eo
1151 2351 1758 2434 nonsuooedandopaterneheredttatt‚
1771 2373 1800 2415 o.
1812 2352 1920 2429 Qmm-
2014 2375 2015 2378 ¹

333 2449 417 2528 qnod
430 2447 557 2529 quidem
571 2467 611 2511 er
628 2467 691 2510 nna
709 2447 798 2528 parte
819 2443 977 2506 observari
996 2445 1099 2524 potest
1151 2445 1238 2510 udde
1250 2447 1360 2510 Paeto.
1375 2447 1446 2510 ind.
1457 2450 1534 2509 ltem
1548 2445 1694 2508 alienatio
1709 2463 1816 2508 rernm
1829 2445 1920 2508 dota-
2014 2493 2015 2504 .

332 2544 399 2604 sina
413 2549 552 2623 paeonio,
568 2540 716 2604 solvendo
731 2559 760 2602 n.
777 2557 808 2618 g.
832 2540 942 2616 sponte
964 2543 1031 2598 ram
1053 2537 1099 2597 at·
1150 2540 1238 2619 lium,
1255 2559 1291 2603 eo
1305 2540 1506 2602 donationum
1521 2545 1647 2620 propter
1656 2539 1791 2617 nuptias,
1802 2558 1830 2602 o.
1845 2539 1920 2602 Cone

227 2695 229 2701 ,
330 2635 390 2696 tari
404 2635 462 2696 suh
472 2634 649 2716 juramento
659 2633 860 2712 promissam
875 2627 978 2690 adhue
993 2634 1098 2690 tamen
1150 2635 1310 2716 eoote'npot.
1325 2635 1374 2708 96,
1390 2634 1423 2695 h.
1440 2637 1478 2711 t,
1496 2638 1528 2695 et
1541 2651 1569 2695 o.
1587 2633 1677 2696 Lieet.
1692 2637 1722 2695 2.
1739 2633 1810 2695 eod
1833 2633 1866 2694 in
1889 2635 1919 2694 6.
2014 2685 2015 2719 p

333 2745 371 2789 ex
385 2733 471 2808 parte
487 2727 649 2808 exigentis,
672 2725 737 2787 sire
757 2723 947 2804 eooeptentis
965 2722 1098 2803 turpitu-
1150 2727 1228 2791 Item
1240 2732 1417 2791 contractus
1431 2727 1559 2790 minoris
1573 2729 1631 2790 sub
1641 2729 1817 2808 juramento
1839 2727 1922 2790 eele-
2014 2727 2015 2756 ³

333 2821 440 2884 dinem
454 2822 601 2896 eontinet,
623 2823 777 2899 quatenns
794 2818 821 2880 is
839 2815 952 2896 aooipit
971 2815 1095 2896 injusta,
1150 2821 1258 2883 bratus
1271 2823 1390 2901 absque
1399 2823 1510 2885 tutoris
1519 2823 1712 2897 auctoritate,
1724 2822 1818 2883 Anth.
1833 2820 1922 2882 Jeru-

333 2933 369 2976 ao
383 2915 546 2980 restituere
559 2919 694 2988 tenerur,
715 2917 809 2993 prout
829 2928 901 2974 eum
921 2909 989 2972 aliis
1011 2927 1095 2970 oom—
1150 2923 1246 2977 mente
1268 2915 1417 2998 poteram.
1442 2933 1470 2978 o.
1495 2913 1534 2978 Si
1555 2913 1692 2977 edum
1714 2913 1919 2976 venditionem.
2014 2921 2015 2926 ’

332 3009 467 3072 munitet
488 3011 576 3071 notat
597 3006 736 3069 Sonohen
765 3005 825 3067 lon.
857 3003 909 3066 ait.
941 3021 1010 3085 esp.
1040 3019 1094 3066 nu.
1150 3009 1226 3070 ltem
1249 3010 1374 3072 donatio
1404 3009 1558 3072 excedens
1589 3009 1776 3089 quingentos
1806 3008 1921 3070 solidos

331 3123 361 3164 n.
373 3107 424 3166 51.
442 3110 472 3166 et
486 3121 573 3184 seqq.
588 3103 771 3182 Exemplum
786 3101 904 3162 alarum
917 3098 1053 3161 habetur
1066 3115 1094 3160 o.
1150 3103 1217 3164 sine
1230 3102 1439 3165 insinuatione
1452 3103 1583 3183 judicis:
1604 3102 1758 3165 mutnetio
1778 3100 1922 3163 filiifami-

323 3196 491 3260 -Belt'toree,
505 3198 538 3258 h.
554 3202 577 3260 t.
593 3197 647 3259 ubi
663 3195 905 3275 snbjuramento
915 3192 1097 3272 promittens
1150 3197 1217 3270 lias,
1233 3197 1286 3276 qui
1297 3197 1420 3274 juretus
1440 3195 1627 3258 renuntiarit
1649 3195 1800 3258 haneiioio
1824 3211 1918 3256 sena-
2014 3205 2015 3232 ι

331 3307 369 3352 ιι
380 3291 555 3354 soluturum
569 3309 690 3365 usuras,
707 3291 827 3372 cogitur
840 3286 967 3371 quidem
976 3303 1028 3348 ees
1038 3286 1097 3346 sol·
1150 3288 1331 3352 lusoonsulti
1344 3287 1560 3351 Macedoniani
1573 3306 1581 3348 ι
1596 3287 1755 3367 fidejussio
1780 3288 1920 3350 mulieris
2014 3295 2015 3368 j

331 3403 403 3448 vera
417 3386 458 3447 oh
471 3385 654 3466 religionem
665 3381 887 3463 jurisjurandi3
908 3380 964 3442 ssd
979 3379 1096 3442 solutes
1150 3383 1208 3444 suh
1220 3385 1397 3462 juramento
1412 3381 1619 3445 renuntiantis
1641 3381 1802 3462 privilegio
1826 3397 1920 3441 eenn-

330 3484 472 3560 repetere
485 3485 598 3561 potest,
614 3479 707 3540 etiam
719 3476 900 3537 auctoritate
910 3473 1025 3555 judiois
1036 3473 1095 3534 im-
1149 3476 1331 3538 tusoonsulti
1346 3475 1506 3554 Velleiani,
1522 3481 1556 3538 et
1566 3476 1628 3538 alia
1638 3473 1787 3538 nonnulle
1811 3473 1919 3553 hujus·

330 3577 470 3653 plorata:
487 3591 524 3643 no
537 3571 667 3652 proinde
680 3574 806 3652 paetum
819 3567 906 3643 illud,
922 3569 1095 3648 juramento
1150 3569 1245 3632 modi.

332 3685 396 3730 non
412 3668 468 3731 luit
482 3668 709 3731 confirmatum.
725 3665 810 3728 ldem
821 3661 1012 3742 confingitin
1023 3679 1094 3723 casu
1184 3665 1258 3726 rsa
1281 3659 1458 3742 Affernator
1470 3659 1835 3742 adpertinent-Ollinia
1844 3675 1919 3722 eon-
2014 3667 2015 3710 t

329 3779 357 3824 o.
374 3762 577 3844 Sipoifironte.
593 3761 627 3824 de
648 3758 802 3842 Pipnorid.
825 3758 969 3839 superius
987 3775 1020 3819 n.
1043 3760 1092 3819 ⁵19.
1149 3761 1198 3820 tra
1223 3757 1293 3820 hoo.
1318 3759 1396 3819 Nam
1426 3757 1518 3819 olus
1545 3754 1703 3834 publicum
1725 3754 1917 3834 privatorum

324 3853 392 3931 jem
408 3856 575 3934 declarato,
592 3857 624 3918 et
637 3853 794 3915 nonnullis
807 3852 887 3913 aliis.
1148 3853 1248 3933 pnotis
1261 3853 1374 3914 mutari
1389 3869 1451 3912 non
1465 3855 1575 3931 potest,
1595 3869 1611 3908 o
1633 3851 1728 3929 prout
1745 3847 1883 3910 hahetur
1896 3846 1915 3906 l.

369 3951 437 4012 itt.
462 3948 583 4025 Quando
594 3955 720 4028 ριοιιιι,
738 3947 797 4008 doe
809 3952 972 4009 eunte-aetus
985 3943 1096 4025 dejure
1147 3947 1202 4010 Joe
1212 3945 1372 4028 petritum.
1389 3945 1421 4006 u.
1437 3943 1472 4005 de
1486 3941 1595 4006 Poete's.
1610 3943 1689 4004 ltem
1711 3961 1728 3999 ιι
1748 3957 1819 4019 quse
1843 3957 1918 4002 eon-
2014 4012 2015 4028 χ

327 4043 441 4122 irrites,
468 4049 626 4116 amnentur,
658 4037 829 4121 curpirmoti
843 4033 1035 4120 juraturis?
1057 4035 1096 4098 Si
1148 4041 1257 4120 trojus
1270 4037 1358 4112 fiunt,
1376 4036 1494 4100 debent
1513 4035 1620 4116 utique
1642 4053 1700 4116 pro
1722 4033 1845 4095 iniectis
1867 4033 1919 4094 lea·

327 4135 375 4198 lea
396 4135 517 4197 irritans
538 4141 717 4196 connectam
739 4131 879 4212 fundetur
902 4149 990 4213 super
1016 4129 1094 4190 troie
1147 4131 1225 4208 heri,
1240 4133 1438 4212 oportereg.
1454 4128 1596 4208 sajonis
1611 4129 1643 4189 in
1661 4129 1691 4189 6.
1715 4143 1788 4188 num
1808 4125 1918 4186 simili-
2014 4141 2015 4214 ι

326 4228 466 4303 moreius,
481 4227 527 4290 oei
546 4227 616 4289 boreo
637 4225 761 4308 publico,
788 4232 855 4286 teneo
876 4230 1040 4285 mandetur
1062 4219 1093 4282 io
1146 4227 1214 4289 bus.
1231 4229 1372 4308 insuper,
1389 4224 1415 4285 si
1429 4222 1599 4304 prinoipale
1613 4237 1677 4282 nou
1691 4223 1788 4292 tenet,
1812 4235 1917 4300 neque
2014 4215 2015 4286 l

327 4322 507 4384 contorium
549 4329 645 4401 qesta
682 4337 741 4379 nott
780 4315 972 4398 confimenlor
998 4315 1091 4398 juru-
1146 4321 1364 4394 accessorium,
1378 4320 1469 4399 justa
1483 4319 1614 4398 tegili.
1629 4313 1707 4396 juris
1723 4313 1757 4375 in
1779 4315 1810 4374 6.
1834 4313 1918 4394 lli-go
2014 4317 2015 4320 ’

327 4425 433 4478 mereto.
462 4445 502 4462 -·
528 4415 681 4486 Quaeritur
710 4413 758 4474 lu.
792 4412 922 4484 Quando
953 4413 1089 4490 paetum,
1145 4431 1305 4494 nunquam
1319 4411 1521 4474 confirmatur
1534 4415 1710 4474 oonueolns
1723 4406 1764 4468 ds
1779 4407 1853 4486 jure
1866 4407 1915 4468 in-

325 4508 391 4569 sive
414 4513 590 4570 oouuaetns
613 4505 653 4567 de
680 4506 747 4585 jure
775 4501 898 4582 irritus,
928 4508 1092 4567 censeatur
1142 4507 1266 4569 polidus
1282 4521 1338 4586 per
1353 4505 1575 4586 juramentum.
1596 4503 1688 4581 Resp.
1709 4517 1781 4581 neg.
1806 4515 1917 4560 eonse-

325 4601 504 4663 oonflrmeri
520 4601 721 4680 juramento?
742 4599 837 4678 Resp.
858 4600 881 4660 Ι.
904 4597 935 4658 Si
955 4597 1007 4659 lex
1025 4597 1092 4658 irri-
1145 4603 1251 4678 quent.
1268 4595 1570 4659 conformitendiotis
1583 4611 1678 4674 snpra
1692 4613 1724 4654 n.
1739 4594 1791 4656 98.
1811 4595 1846 4654 et
1862 4595 1912 4654 99.

324 4699 394 4760 tans
408 4697 601 4758 eontrarium
614 4693 763 4756 fundetur
775 4709 871 4772 super
890 4691 979 4753 bonis
999 4693 1090 4753 mori·
1186 4695 1252 4754 tna.
1275 4689 1469 4752 denotentur
1481 4686 1759 4768 elienorae-Ad
1775 4685 1913 4764 primum

323 4791 383 4852 bus
415 4787 607 4850 naturalitus
641 4786 712 4866 (hoo
746 4789 813 4863 eet,
849 4783 963 4864 quibus
996 4783 1089 4845 homo
1143 4785 1267 4857 dieitur,
1278 4789 1397 4863 textum
1411 4783 1580 4863 allegatum
1593 4779 1775 4861 proaedere,
1784 4775 1913 4855 qnando

322 4883 455 4946 efficitur
480 4881 593 4955 bonus,
617 4884 650 4942 et
670 4879 782 4959 quibus
805 4877 1020 4944 manaverint
1042 4880 1090 4939 est
1140 4879 1193 4958 jus
1207 4877 1284 4938 illud
1297 4875 1508 4956 principaliter
1521 4879 1671 4936 statutum
1688 4871 1748 4934 tuit
1768 4869 1808 4930 oh
1826 4867 1913 4929 iaro-
2014 4843 2015 4930 i

322 4976 495 5056 peceatum)
511 4981 564 5035 aut
577 4971 724 5035 fundetur
741 4991 835 5053 snper
857 4971 939 5033 bono
962 4970 1087 5051 publiea
1141 4989 1209 5034 rem
1223 4969 1400 5052 publicum:
1417 4987 1518 5043 senus,
1534 4965 1786 5048 siprineipelitor
1803 4962 1846 5023 ob
1866 4960 1911 5020 fa·
2014 4955 2015 4995 l

320 5069 540 5150 principaliter,
557 5069 631 5129 tuno
649 5069 825 5129 oontreotus
845 5065 877 5125 iu
897 5063 1086 5126 eontrarium
1140 5083 1247 5128 vorem
1271 5063 1472 5146 privatorum.
1499 5061 1660 5142 Siquidem
1691 5057 1821 5140 quilibet
1846 5053 1909 5134 juri

320 5173 426 5244 gestus
437 5165 615 5243 juramento
627 5179 690 5222 non
704 5159 915 5232 eonfirmatnn
934 5174 990 5239 per
1000 5158 1084 5237 jura,
1140 5177 1197 5220 suo
1213 5157 1390 5219 renuntiare
1404 5161 1517 5236 potest,
1533 5149 1816 5234 nutritumque
1830 5147 1908 5208 Foro
2014 5147 2015 5214 l

319 5262 351 5318 et
362 5257 500 5320 rationes
514 5252 775 5336 supra-qpreeed.
787 5255 881 5316 ιι.·88.
893 5255 942 5314 99.
954 5257 1082 5332 etseqq.
1138 5259 1258 5334 compet.
1275 5255 1307 5313 at
1318 5251 1339 5311 l.
1355 5249 1438 5311 loris
1450 5248 1591 5331 pretium.
1610 5249 1631 5327 5
1649 5245 1688 5309 Si
1704 5244 1850 5327 peruror.
1869 5241 1903 5302 u.

319 5352 438 5414 allatas.
1137 5345 1298 5409 dePnetr‘e.
1313 5341 1442 5406 etelibi.

358 5448 425 5506 tna.
447 5445 527 5508 Bene
544 5452 648 5518 tamen,
670 5439 785 5524 quondo
805 5439 854 5503 len
874 5441 994 5502 irritum
1013 5457 1082 5502 roo·
1177 5441 1245 5501 130.
1270 5435 1517 5518 Qennnrrnjoe
1531 5427 1905 5517 fiont‚delrentutiquepro

317 5543 442 5599 tractum
451 5538 654 5621 principaliter
667 5536 785 5619 respuet
806 5534 935 5616 ιιιιονιιιι
953 5533 1076 5616 priami
1137 5533 1252 5615 ιιιιιιίι
1265 5530 1377 5609 tatere
1393 5528 1532 5611 quomodo
1545 5520 1842 5606 entettipendoml-
1858 5522 1904 5584 ad
2014 5525 2015 5578 t
