4028 6068
311 244 371 308 iffi
475 243 546 306 ΠΒ.
569 246 602 306 ΙΙ.
626 245 835 310 manusb.
855 249 927 312 Tll'.
949 247 1064 314 XXVII.
1086 249 1137 312 no
1156 249 1368 316 SRN'OEM'IA
1388 253 1437 316 ΕΤ
1456 253 1507 314 ΒΕ
1524 255 1721 318 tumulus.

310 375 449 439 Maronia
462 382 541 456 part.
557 379 605 440 Vl.
620 378 844 459 spontanei.
869 383 916 448 aa
938 383 974 446 de
993 384 1070 448 Sere
1125 381 1230 446 modo?
1256 413 1297 430 -·-
1322 383 1441 450 Dicitur
1463 385 1602 460 ulterius,
1635 392 1889 452 acontrorersire

310 468 1068 549 rana.n.a.port1³01inumadrubria.n.t.aod
1123 475 1221 540 finem
1233 477 1408 560 imponens.
1424 503 1439 539 ι
1468 481 1528 542 Par
1541 481 1625 560 qood
1641 484 1793 546 senmntia
1812 485 1891 548 diffi-

308 563 370 624 col.
383 569 414 628 5.
430 571 462 629 et
482 565 561 628 alios
583 585 591 629 ε
614 567 696 630 istud
716 572 822 632 tamea
844 570 991 649 inritam,
1010 575 1069 638 uisi
1124 571 1220 636 nitiva
1233 573 1522 638 differtasenteotia
1535 575 1908 650 absolutorianbobser-¹

309 674 449 721 ememus
470 660 503 722 in
525 663 654 724 manau
674 663 1069 744 incimmemmaum,
1124 663 1246 725 vatione
1264 665 1387 744 iudiciis
1410 684 1483 730 nm
1504 685 1561 748 prr
1581 673 1890 734 onocentaurorum

308 750 339 812 in
363 769 424 830 qua
446 754 597 818 amando
622 759 808 820 mantiam
827 759 921 824 afim
945 781 1002 841 pm
1022 765 1072 826 5³.
1123 753 1532 835 tinisimponitur;econtra
1545 777 1689 842 seraper
1703 763 1890 840 sumendam

307 845 516 928 mne,
527 867 591 912 uon
604 853 873 933 masurgitaliqaa
881 854 1069 930 absurditas,
1124 847 1346 912 absolutorium
1373 852 1414 914 ab
1440 852 1656 916 obseruatione
1678 855 1787 934 judicii
1820 873 1891 918 non

308 956 374 1020 arg.
391 959 419 1004 e.
438 941 564 1008 Canauna
578 948 626 1008 16.
637 945 673 1008 cle
683 945 771 1028 Osfie.
786 946 910 1029 delepot.
921 949 980 1014 Ubi
994 950 1072 1012 dum
1124 943 1309 1006 terminatur
1322 945 1532 1008 ronnovorsia
1546 947 1735 1027 principalis,
1745 949 1801 1012 sed
1814 967 1893 1010 rens

308 1034 488 1113 simpliciter
508 1035 630 1116 diuitum
654 1038 738 1118 qnod
761 1061 778 1099 a
799 1039 935 1104 eicausa
947 1042 1070 1104 duobus
1124 1034 1408 1099 liberatortantum
1420 1039 1462 1100 ab
1475 1039 1692 1104 memnone
1704 1040 1906 1120 indimissa

307 1126 515 1196 committitur,
531 1129 684 1192 sententia
699 1131 791 1192 antus
804 1149 867 1192 nan
881 1137 983 1207 tenst;
1000 1155 1014 1192 a
1038 1133 1070 1196 id
1123 1127 1212 1192 iacta
1226 1128 1393 1192 instanlia.
1416 1131 1505 1204 Orod
1522 1131 1649 1211 quidem
1665 1132 1734 1196 fieri
1746 1134 1824 1196 solet
1836 1132 1894 1193 vel

306 1235 376 1282 ease
398 1219 630 1300 intelligendum
650 1223 690 1286 da
712 1225 867 1288 saumana
890 1244 954 1286 non
968 1228 1069 1290 solum
1122 1227 1249 1300 propter
1262 1220 1401 1284 libellum
1414 1223 1527 1286 actoris
1540 1224 1691 1304 ineptum,
1705 1231 1740 1288 ot
1754 1245 1782 1289 c.
1798 1225 1893 1288 Eco-

305 1311 475 1389 nimaina,
503 1315 558 1378 scd
584 1317 678 1380 etiam
704 1318 944 1394 interlocutoria,
975 1320 1070 1384 tradit
1122 1311 1234 1376 mimia
1248 1317 1296 1377 ¹5·
1312 1314 1501 1380 &ludl'fl'fii
1514 1319 1705 1398 V⁰¹P²⁰P⁸⁰l
1718 1320 1893 1394 dflfssssluma

305 1407 410 1470 Abbrs
423 1409 497 1472 ibid.
514 1429 546 1472 n.
567 1417 597 1474 ³.
616 1411 698 1475 irrui
717 1413 848 1476 ulterius
871 1413 1009 1494 protum
1030 1431 1070 1478 ιι
1122 1407 1188 1470 sive
1216 1408 1445 1472 contumaciam
1472 1409 1605 1488 actone,
1627 1415 1716 1494 iaxta
1737 1413 1822 1478 diota
1838 1416 1890 1478 tit.

256 1509 259 1515 '
305 1501 554 1582 otamajunnr
569 1506 675 1569 (llossa
690 1509 722 1582 1.
738 1506 902 1570 Sententiae
914 1507 987 1572 bt
1121 1499 1705 1586 xlv-Dedvloetcostumucie·§3·n·
1722 1509 1889 1570 mereo.

344 1599 374 1659 a.
396 1596 545 1660 Sententia
558 1599 730 1682 dr'sfiniriva,
747 1601 1000 1682 qumi-Respa,
1017 1605 1065 1666 111,
1121 1601 1176 1656 aut
1202 1593 1246 1657 ob
1269 1595 1362 1658 aliam
1388 1597 1565 1677 hujusmodi
1590 1617 1727 1662 causam.
1757 1602 1899 1680 Insuper.

309 1689 496 1754 «Sententia
508 1691 696 1754 diffinitiva»
714 1698 762 1756 est
775 1693 916 1756 diffinitio
935 1695 1068 1773 judicia·
1122 1705 1178 1768 per
1209 1689 1290 1752 hauc
1326 1691 1511 1770 particulam
1543 1694 1697 1756 sententia
1726 1693 1889 1757 diffinitiva

304 1779 352 1854 lis,
376 1782 592 1846 controversiae
615 1783 709 1846 tinem
731 1784 911 1865 imponens,
936 1804 977 1850 ex
995 1803 1067 1866 pro-
1121 1780 1222 1843 differt
1236 1780 1278 1841 ab
1292 1781 1536 1856 interlocutoria,
1556 1783 1596 1846 de
1616 1803 1678 1864 que
1696 1803 1770 1848 mox
1783 1787 1886 1866 plura.

304 1874 495 1937 nuntiatione
515 1875 628 1954 judicis
650 1877 881 1942 damnationem
902 1879 954 1942 vel
974 1879 1069 1942 abso-
1120 1873 1180 1934 Per
1205 1867 1282 1934 filias
1310 1890 1383 1934 vero
1408 1875 1574 1953 pelliculae
1594 1877 1707 1955 parlim
1724 1878 1889 1940 inducatur

302 1967 451 2030 tadonem
463 1972 634 2034 continens.
649 1974 696 2034 Ita
710 1972 885 2035 desumitur
898 1991 937 2036 ex
952 1974 973 2036 l.
989 1975 1015 2036 1.
1030 1974 1066 2036 a.
1121 1968 1234 2029 modus
1248 1966 1367 2029 ferendi
1382 1968 1569 2030 sententium
1582 1969 1777 2034 diffinitivam
1792 1991 1801 2034 :
1817 1991 1888 2052 par·

302 2059 393 2124 delle
399 2062 526 2142 judr‘out.
542 2070 628 2127 tenet
640 2065 747 2126 Glossa
760 2065 888 2140 mensu,
901 2067 1064 2131 Clamor.
1120 2059 1177 2123 tim
1191 2059 1340 2136 innuitur,
1356 2061 1441 2140 qood
1456 2077 1495 2122 ea
1515 2061 1727 2126 subdividatur
1744 2065 1777 2126 in
1796 2067 1889 2130 abso-

302 2151 338 2216 de
351 2153 424 2216 llala
437 2163 465 2218 et
483 2165 642 2222 mauman,
666 2162 781 2221 Antan.
802 2159 1014 2222 Nebrisaenflis
1035 2162 1068 2222 in
1120 2151 1276 2230 latorium,
1294 2170 1425 2230 quarum
1439 2154 1523 2234 prior
1536 2154 1570 2216 iit
1579 2155 1781 2236 absolvendo,
1791 2159 1887 2222 altera

308 2244 492 2310 Vocadularu'o
508 2249 601 2330 juria
627 2253 660 2326 1.
681 2250 842 2314 Sententia.
864 2257 973 2330 estque
986 2253 1018 2314 in
1032 2273 1066 2318 re
1120 2263 1194 2308 vero
1208 2237 1446 2307 condemnando
1459 2265 1560 2310 reum.
1863 2321 1865 2330 Ι

303 2342 506 2404 communia:
536 2345 678 2422 quamde
703 2345 843 2406 nonnulli
875 2345 991 2408 addant
1017 2347 1064 2428 ly,
1161 2342 1210 2400 ¹2·
1234 2337 1387 2400 Sententia
1401 2338 1626 2414 inlerlvfflivrisss
1640 2341 1885 2426 ruet-aesp.

306 2433 516 2498 aindubitata
537 2455 581 2496 :a
612 2436 755 2500 atticano
776 2443 847 2518 post
867 2438 1011 2500 illaesam
1033 2439 1066 2501 in
1120 2428 1171 2493 IV.
1192 2428 1380 2492 «Sententia
1394 2430 1646 2495 interlocutorias
1664 2441 1800 2498 econtra
1813 2437 1887 2500 dici·

301 2529 397 2590 Clem.
414 2547 468 2590 an.
486 2534 518 2609 y.
534 2529 715 2612 diffinitiva.
736 2530 774 2593 de
796 2531 978 2612 sequestrat.
1002 2551 1067 2614 par-
1119 2527 1171 2586 tun
1185 2521 1249 2602 ilbi,
1264 2541 1334 2602 que
1348 2523 1446 2586 fertur
1458 2524 1732 2606 interprincipiam
1747 2533 1779 2592 et
1792 2529 1887 2592 linem
2004 2555 2005 2618 j

300 2639 368 2684 nn.
406 2622 554 2685 nonanta
581 2623 676 2686 verba
717 2625 877 2698 omittant,
911 2625 1063 2702 dicendo,
1119 2634 1222 2679 cause
1237 2634 1332 2696 super
1345 2617 1449 2698 aliquo
1463 2617 1623 2689 incidenti,
1636 2621 1687 2682 vol
1700 2625 1883 2702 emergenti.

302 2715 385 2795 quod
406 2715 566 2778 diffinitiva
588 2724 652 2789 aru
677 2735 747 2797 qm
767 2719 969 2798 principalem
983 2737 1066 2800 qun
1117 2711 1430 2775 lustusamans.
1445 2711 1884 2798 i.DisfiniriuedeSeqrrertrot.

302 2811 432 2873 sunam
453 2811 586 2875 arnna:
611 2813 1062 2888 siracusinorum.
1112 2821 1233 2885 pareo.
1263 2822 1333 2882 uuo
1356 2805 1493 2884 quorun
1522 2805 1692 2886 alteratur,
1725 2818 1760 2872 ut
1787 2811 1887 2890 inquit

301 2905 334 2965 ι.
348 2907 372 2966 a
388 2923 420 2968 n.
440 2909 469 2968 ι.
485 2906 630 2986 loquitur,
652 2929 666 2966 a
689 2908 848 2972 sanantur
869 2908 1061 2972 diffinitiva»
1117 2901 1212 2962 aaron
1236 2897 1278 2960 sd
1297 2898 1412 2961 rubrio.
1432 2897 1464 2960 ff·
1480 2898 1704 2980 anajaaaar.
1721 2921 1753 2964 n.
1768 2907 1806 2977 3;
1822 2907 1885 2966 ab·

302 3003 359 3072 est,
382 3015 451 3076 que
472 2998 601 3078 imponit
623 3000 717 3062 tinem
741 3001 796 3062 toti
817 3017 920 3062 causa
935 3003 966 3064 in
977 3003 1064 3083 jodi-
1119 2993 1177 3054 bas
1190 2991 1230 3053 ad
1244 2991 1359 3054 rubria
1375 2992 1406 3056 h·
1425 3001 1447 3055 l·
1462 3013 1494 3056 n.
1510 2999 1540 3058 (i-
1558 2999 1628 3068 eii.
1641 2995 1822 3078 speculator
1836 2998 1883 3060 iii·

301 3089 384 3155 ciu-
398 3089 550 3156 deducte.
1119 3083 1156 3147 de
1169 3085 1502 3168 Sententia.§Sperier.
1519 3105 1551 3150 n.
1578 3091 1606 3150 1.
1629 3090 1779 3166 Maronia,
1802 3097 1882 3172 part.
2005 3097 2006 3174 t

341 3183 389 3242 ιο,
415 3185 565 3253 ΜΝ,
579 3185 695 3264 adim,
712 3205 769 3248 non
796 3193 839 3248 m
864 3185 1065 3267 propriam.
1119 3179 1169 3241 Vi.
1194 3177 1315 3262 Speculi
1336 3179 1429 3242 aurei.
1454 3179 1501 3244 ria
1524 3179 1559 3242 de
1575 3180 1736 3268 Sententia,
1756 3201 1788 3245 ιι.
1810 3186 1839 3247 3.
1856 3192 1886 3248 et
2005 3177 2006 3200 ³

300 3283 389 3345 ranae
397 3301 412 3360 ,·
423 3299 515 3363 neque
527 3279 558 3340 r'n
570 3279 695 3340 aaran
707 3278 901 3360 reetrinpiiilr‘
913 3278 991 3340 uenit
1015 3299 1068 3340 no·
1119 3271 1182 3333 alii.

300 3371 544 3436 maanaim.
568 3369 691 3433 Arbies·
712 3387 769 3430 nen
788 3369 1067 3451 tatetjurisdr'cn'o·
1161 3367 1210 3428 13.
1233 3358 1359 3442 Quilibet
1373 3367 1476 3447 jassus
1490 3365 1614 3447 juctan,
1638 3368 1750 3448 smiem
1766 3371 1885 3432 adm

300 3483 375 3543 nem,
394 3466 444 3528 red
465 3466 556 3527 rumor
580 3463 736 3525 notionem.
757 3495 798 3510 -
819 3464 937 3526 Dicitur
958 3465 1065 3548 maro,
1119 3459 1448 3532 rananrtrrertentia
1461 3461 1697 3525 latnloeulora'o?
1718 3495 1758 3510 —
1776 3467 1885 3530 Faten-

302 3559 482 3632 rliiffinitor
498 3581 513 3618 a
531 3557 591 3619 boe
601 3563 658 3633 eet,
671 3555 852 3630 enuntiatio,
863 3573 918 3620 seu
928 3557 1063 3620 decisio:
1121 3552 1196 3615 dum
1210 3557 1327 3626 tamen,
1343 3553 1427 3632 quod
1449 3555 1587 3616 nonnulli
1611 3558 1715 3620 datam
1732 3557 1884 3622 definitio-

301 3669 370 3730 qun
384 3649 534 3730 particula
548 3655 608 3710 stat
620 3648 690 3709 loco
704 3646 838 3726 generis,
856 3653 976 3710 ceterae
990 3665 1065 3710 aero
1120 3661 1204 3717 nem,
1222 3643 1316 3706 veluti
1330 3644 1464 3706 nimium
1484 3646 1884 3728 restringentem,rejiciaut

300 3749 406 3805 teuent
418 3743 521 3804 lacum
535 3739 726 3806 differentias.
743 3742 781 3802 Et
794 3740 929 3818 additur,
951 3761 965 3798 a
981 3740 1065 3818 judi-
1119 3755 1156 3798 eo
1173 3756 1180 3798 :
1198 3737 1270 3816 quia
1286 3737 1455 3816 (inquiant)
1479 3737 1607 3816 quilibet
1624 3739 1731 3817 jussus
1749 3741 1881 3821 judicis,

300 3836 400 3910 cialis3
416 3859 431 3895 a
450 3835 491 3896 ad
504 3834 728 3897 exdudendem
742 3833 930 3896 sententiam
944 3830 1063 3911 arbitri,
1117 3828 1235 3891 iaciens
1249 3827 1290 3888 ad
1304 3845 1441 3900 causam,
1458 3833 1506 3892 est
1518 3830 1752 3895 interlocutoria
1764 3845 1882 3898 scamn-

300 3931 348 3992 rel
370 3929 560 3992 arbitratoris
576 3945 583 3989 ι
599 3927 674 4007 quia
695 3927 850 3990 sententia
864 3925 984 4000 arbitri,
1007 3943 1064 3988 seu
1119 3921 1171 3984 tia.
1187 3920 1313 3982 Folium
1326 3920 1367 3981 ad
1379 3920 1496 3982 rubria.
1513 3921 1545 3984 h.
1562 3929 1584 3986 t.
1602 3941 1633 3986 n.
1650 3927 1682 3988 2.
1699 3943 1780 3988 vers.
1797 3925 1881 4014 ¹Circa

301 4021 491 4084 arbitratorie
512 4035 577 4082 non
595 4023 642 4084 est
668 4019 806 4099 proprie,
836 4022 870 4081 et
890 4035 947 4098 per
960 4018 1065 4082 omnia
1119 4012 1334 4095 diffinitionem.
1362 4015 1545 4078 Franciscos
1578 4017 1617 4078 da
1651 4015 1881 4100 acceptantibus

301 4115 464 4192 sententia,
482 4131 553 4174 cum
566 4112 592 4174 is
606 4130 670 4176 non
683 4112 797 4174 babeat
802 4110 1064 4192 jurisdictionem,
1118 4108 1194 4169 tom.
1208 4105 1243 4166 V.
1261 4103 1460 4182 amanam,
1470 4112 1559 4169 tract.
1571 4105 1764 4172 deSententia
1775 4110 1879 4193 derina

302 4209 356 4272 red
370 4208 470 4270 solum
484 4206 653 4278 notionem,
669 4206 689 4268 l.
706 4204 758 4267 Ait
767 4213 892 4285 prator.
917 4204 950 4266 fl.
975 4202 1010 4266 de
1024 4205 1067 4267 Re
1119 4207 1147 4261 et
1159 4198 1326 4261 interiacet.
1343 4216 1375 4262 n.
1392 4203 1422 4262 7.
1438 4203 1470 4262 et
1482 4201 1512 4262 8.
1529 4205 1562 4264 et
1576 4205 1624 4264 ti.
1637 4203 1720 4263 istud
1734 4205 1814 4266 inter
1826 4203 1881 4266 alia

299 4301 426 4382 judicat.
442 4301 543 4377 Unde,
559 4300 643 4380 qood
657 4299 811 4360 sententia
824 4297 929 4360 arbitri
944 4315 1007 4360 non
1027 4299 1067 4361 sit
1120 4292 1256 4372 probans
1280 4311 1318 4354 ex
1336 4292 1358 4354 l.
1383 4291 1464 4370 Quod
1477 4293 1581 4374 jussit.
1605 4295 1639 4356 n.
1662 4294 1881 4372 Boiodurum

300 4395 423 4473 proprie
437 4394 601 4467 sententia,
617 4409 719 4470 neque
733 4391 765 4452 in
780 4389 909 4452 materia
936 4390 1065 4453 restrin-
1119 4385 1247 4466 quidam
1269 4387 1332 4447 alii.
1356 4389 1458 4466 Atque
1481 4387 1593 4448 borum
1616 4389 1777 4452 sannatia
1800 4393 1877 4454 taret

300 4487 386 4568 gibili
399 4485 503 4548 reniet
516 4483 724 4565 appellatione
738 4483 911 4559 sententie,
926 4483 1066 4562 pluribus
1120 4477 1229 4540 Glossa
1247 4495 1317 4540 ean.
1340 4477 1394 4553 Ei,
1419 4477 1473 4562 qui
1489 4478 1629 4560 appellat.
1653 4483 1703 4544 tt.
1722 4500 1755 4561 q.
1771 4485 1801 4546 6.
1812 4483 1830 4564 5
1843 4481 1882 4544 Et

301 4578 436 4641 oamnfflt
457 4579 551 4639 lason
572 4578 594 4637 l.
618 4578 642 4639 i.
667 4594 700 4636 n.
720 4577 750 4638 3.
777 4573 808 4635 n.
825 4575 896 4636 eod.
920 4591 957 4636 ac
980 4579 1066 4638 notat
1121 4573 1153 4648 1.
1168 4569 1350 4652 diffinitiva.
1367 4589 1522 4646 asserens,
1538 4574 1621 4654 quod
1637 4570 1878 4638 diffinitivaserl-

301 4669 406 4733 Abbaa
433 4685 500 4748 cap.
523 4685 544 4730 1.
574 4687 605 4730 o.
629 4672 659 4730 2.
688 4665 724 4728 cle
747 4665 890 4728 Ardenti.
921 4665 1065 4738 Ouinimn
1120 4664 1216 4727 tentia
1237 4665 1275 4725 sit
1294 4682 1343 4739 ea,
1370 4682 1439 4744 quae
1463 4663 1557 4727 tinem
1580 4665 1713 4746 imponit
1737 4669 1876 4752 negotio:

302 4761 455 4824 sententia
468 4759 585 4837 arbitri,
605 4759 730 4840 proprio
750 4759 876 4820 nornine
890 4760 1066 4839 appellatur
1119 4755 1181 4818 alia
1208 4756 1309 4818 omnis
1335 4757 1376 4819 sit
1403 4757 1646 4822 interlocutoria.
1675 4755 1771 4825 Favet
1793 4763 1876 4826 etiarn

302 4853 459 4918 Mullum:
483 4851 624 4931 quamvis
646 4852 732 4931 large
759 4869 796 4912 ac
822 4849 1008 4931 improprie,
1035 4858 1065 4912 et
1119 4855 1220 4913 naras
1235 4851 1268 4912 ia
1281 4850 1301 4913 l.
1319 4852 1345 4913 A
1361 4850 1430 4916 divo
1445 4849 1509 4914 Pio.
1525 4853 1543 4932 ᾖ
1559 4851 1594 4914 In
1607 4853 1780 4916 venditione.
1801 4855 1831 4916 ll.
1846 4851 1877 4916 de

302 4965 365 5010 non
380 4943 570 5026 simpliciter,
586 4942 641 5006 aad
655 4961 726 5004 curn
735 4943 1063 5023 quadamadjectiane,
1121 4943 1297 5027 dejudicat.
1315 4945 1367 5008 ubi
1382 4947 1477 5008 etiam
1495 4955 1565 5026 post
1586 4949 1771 5010 sententiam
1796 4969 1810 5006 a
1828 4949 1877 5010 lu·

302 5041 399 5122 possit
411 5039 472 5102 dici
490 5035 665 5099 ramnusia
678 5035 827 5108 arbitri3a
846 5043 937 5114 prout
946 5036 981 5099 fit
994 5054 1062 5116 cap.
1121 5039 1205 5102 dicos
1231 5039 1397 5118 interloqui
1425 5057 1441 5098 ι
1467 5040 1621 5103 dicuntur.
1648 5041 1786 5119 Accedit,
1801 5037 1875 5120 quod

303 5152 325 5198 1.
341 5131 528 5197 deletion.
555 5135 586 5192 et
608 5131 629 5192 l.
655 5129 775 5205 θιαὶιιιι
792 5137 897 5192 aunan
914 5131 946 5192 11.
962 5129 998 5192 cle
1013 5131 1066 5196 lle-
1120 5131 1171 5194 vix
1184 5133 1291 5213 negari
1305 5133 1413 5212 possit,
1431 5134 1505 5212 quin
1520 5136 1725 5215 preceptum,
1743 5153 1799 5196 eeu
1813 5133 1875 5196 cita·

302 5225 391 5307 crptis
404 5223 535 5302 artano,
550 5220 797 5284 consimilibus.
844 5271 846 5278 ,
1119 5224 1162 5286 tio
1177 5242 1195 5284 a
1205 5224 1312 5304 judice
1326 5231 1471 5286 emanata
1485 5231 1557 5287 ante
1571 5225 1870 5298 litemcoutestetan,

345 5322 393 5382 ll.
415 5315 566 5380 Sententia
581 5311 744 5396 diffinitiva
763 5311 865 5394 differt
885 5333 905 5376 a
926 5315 1066 5378 nolentia
1120 5315 1159 5380 sit
1173 5317 1327 5380 sententia
1341 5317 1410 5396 ojus
1423 5316 1676 5392 interlocutoria,
1693 5337 1777 5400 erqo.

304 5408 480 5480 abactam
499 5405 536 5472 ab
558 5404 752 5470 emanatione
771 5403 902 5486 judicii,·
927 5415 956 5468 et
989 5425 1063 5490 qno·
1162 5412 1210 5472 tt.
1223 5407 1374 5472 Sententia
1388 5409 1873 5476 interlocuton'odier'taralinteret
