4028 6068
296 247 355 313 218
600 247 672 347 tle.
694 249 729 309 ΙΙ.
753 245 963 310 omnesne.
985 249 1062 310 tlt.
1079 248 1168 312 XXV.
1191 249 1241 310 DE
1263 248 1572 314 EXCEPTIONIBUS.

295 398 364 444 rare
377 379 417 442 ad
431 377 517 444 litem
530 377 786 442 abbreviandum.
802 381 869 442 Hoc
882 380 986 460 ipsum
1000 383 1063 446 trs·
1116 381 1289 444 cedendum
1304 383 1390 446 duxit
1402 383 1444 446 ed
1456 383 1687 450 innovationem
1695 395 1886 452 memorato-

295 476 340 538 dit
351 475 598 538 Auchorenuein
608 475 678 537 ead.
694 473 791 538 Clem.
804 494 836 539 n.
853 477 901 539 19.
919 479 951 540 et
965 477 1062 538 lmola
1116 493 1185 536 rum
1199 475 1442 556 privilegiorum.

295 568 368 631 ibid.
384 569 403 648 ᾖ
418 565 517 634 Glossn
534 567 695 643 ditantium,
712 575 744 632 et
766 569 829 632 elii.
852 568 950 649 quue
972 568 1063 632 desu·
1156 572 1224 632 loa.
1246 569 1441 653 inceptiones
1453 571 1650 652 [montorio
1663 575 1695 637 in
1707 597 1739 640 eo
1758 585 1831 640 runt
1842 597 1887 639 re

295 663 388 724 mitur
402 681 439 723 ex
452 660 557 724 verbis
574 662 664 726 dicte
679 662 891 736 Clementiam,
909 666 1015 743 utpote
1030 663 1062 724 in
1112 661 1261 742 pellendae,
1277 663 1434 746 siquiden
1447 665 1565 746 lortius,
1581 687 1615 730 oa
1635 672 1667 732 in
1686 671 1755 734 eliis
1778 672 1884 733 cousin.

295 775 356 837 qua
383 775 445 820 non
466 756 607 821 absolute
631 756 751 831 dicitur,
776 756 971 842 repellendas
994 776 1062 822 esse
1115 789 1155 804 ·-
1167 755 1274 818 attera
1287 775 1344 836 par
1357 759 1574 837 conclusionis,
1591 782 1646 827 seu
1661 767 1746 844 quod
1760 766 1791 827 in
1802 765 1888 845 jndi-

295 852 506 930 exceptionem
523 850 578 913 sed
592 869 663 914 cum
676 850 801 914 addito:
820 852 1060 931 «susceptiones,
1115 850 1164 912 cio
1187 854 1354 916 summario
1377 855 1565 932 repetenda.
1592 859 1655 925 unt
1684 861 1887 940 exceptiones

294 944 518 1026 appellationes
545 943 704 1007 dilatorias
725 945 757 1006 et
779 943 988 1008 trusbutorias
1007 963 1061 1006 re·
1114 943 1328 1020 frustratorie,
1343 955 1437 1026 atque
1452 949 1568 1014 frivolas
1591 952 1661 1030 (hoo
1679 961 1739 1034 est,
1758 958 1888 1038 lregdes

294 1039 479 1120 pellendos
1115 1037 1274 1113 duntaxat,
1291 1059 1329 1102 ac
1342 1043 1457 1106 nullius
1477 1045 1567 1108 solidi
1587 1047 1803 1126 fundamenli3
1826 1055 1887 1113 sic-

334 1137 402 1196 102.
425 1133 559 1198 Solvitur
572 1132 649 1195 ratio
662 1129 923 1194 trenaee-lat
936 1131 1061 1210 partlm
1115 1152 1176 1213 que
1200 1133 1410 1200 deservientes
1438 1139 1633 1204 solummodo
1661 1145 1703 1206 ed
1729 1148 1887 1212 malitiosa

292 1234 379 1311 patet
393 1231 504 1302 solutio
519 1229 649 1293 rationis
663 1228 834 1302 dubitandi,
845 1246 884 1292 ex
898 1227 1055 1292 citillem.
1114 1229 1401 1308 procrastinandum
1428 1230 1526 1314 litem)
1546 1241 1632 1318 patet
1651 1255 1690 1300 ex
1712 1244 1800 1303 textu
1818 1244 1887 1320 iem

291 1326 377 1408 sepa
398 1326 548 1406 mutauit.
571 1325 710 1404 proxime
732 1323 886 1386 adductae.
916 1325 1060 1388 Procedit
1113 1322 1292 1400 allegatod.
1309 1325 1406 1387 litem
1423 1325 1727 1413 sentententiae
1747 1335 1831 1398 Ver-b.
1844 1339 1887 1398 si.

293 1420 377 1483 enim
390 1419 540 1482 duntaxat
553 1420 584 1482 in
601 1419 833 1498 exceptionibus
843 1417 1055 1496 fruebatoriis,
1112 1419 1189 1498 pois.
1198 1419 1306 1498 juncta
1321 1420 1428 1484 Glossa
1441 1440 1522 1486 vers.
1538 1423 1709 1490 dilatemur.
1725 1432 1759 1491 et
1771 1429 1884 1492 docto-

293 1515 452 1595 utpotede
467 1515 578 1594 qulbus
595 1514 731 1592 loquitur
745 1513 827 1576 diota
843 1511 1055 1576 Clementiae:
1112 1513 1198 1574 ribus
1212 1514 1253 1576 ib.
1271 1514 1327 1586 Oui
1343 1513 1471 1592 addunt,
1491 1518 1634 1596 quamvis
1646 1521 1745 1599 judex
1763 1522 1795 1582 in
1819 1543 1888 1584 om·

293 1625 381 1670 secus
395 1607 427 1668 in
440 1608 596 1688 legitimis.
1112 1607 1205 1670 nibus
1231 1608 1335 1670 causis
1361 1608 1506 1671 laborare
1539 1612 1672 1688 debeat,
1707 1623 1743 1678 ut
1774 1618 1884 1691 litem,

332 1705 401 1768 loa.
423 1701 469 1764 lit
480 1703 633 1784 probetur,
649 1701 680 1762 iu
701 1700 810 1780 judicio
827 1700 985 1762 mmmorio
1006 1701 1059 1764 nd-
1113 1705 1264 1778 quantum
1276 1699 1343 1762 fieri
1359 1703 1472 1780 potest,
1489 1702 1663 1767 breviorem
1684 1707 1806 1785 reddat,
1833 1729 1885 1772 ex·

291 1795 446 1858 mittendos
471 1798 649 1878 exceptiones
680 1797 835 1877 lepiu'mns.
864 1827 905 1842 -
931 1795 1058 1859 Accedit
1112 1792 1280 1871 captiones,
1297 1793 1473 1873 dilationes,
1500 1803 1529 1858 et
1553 1798 1778 1876 appellationes
1800 1803 1883 1864 nns-

289 1889 367 1952 retio
382 1891 494 1969 prioris
512 1892 608 1971 pertis
627 1891 834 1954 conclusionis
850 1908 858 1952 ε
875 1889 948 1969 quia
962 1890 1056 1952 ratio·
1111 1887 1255 1948 tretonae
1269 1889 1460 1968 repellendo,
1475 1908 1513 1950 ae
1526 1890 1655 1952 nimiam
1668 1895 1794 1956 lesbum
1804 1897 1884 1956 mul-

289 1985 642 2068 nabiles‚senlegitimae
652 1987 862 2066 exceptiones,
875 1988 1055 2057 suntnrma
1111 1980 1275 2043 titudinem
1293 1981 1510 2056 retroenand03
1534 1989 1570 2044 ut
1592 1985 1613 2045 l.
1638 1987 1661 2046 l.
1683 2005 1711 2048 e.
1736 1987 1773 2048 de
1795 1987 1882 2050 Dilu-

290 2081 391 2162 olypei
412 2083 444 2142 et
465 2080 568 2144 loricae
591 2097 728 2155 morum,
749 2079 839 2156 juxta
862 2079 1003 2140 Glossam
1016 2079 1057 2140 ad
1112 2073 1183 2134 tion.
1201 2074 1517 2156 ethropermadum.
1535 2078 1885 2154 §amoenitatem

290 2176 404 2238 rubrio.
421 2175 453 2236 b.
470 2180 493 2238 t.
509 2191 584 2254 ergo
605 2173 689 2234 nullo
703 2171 814 2237 modo.
831 2188 870 2232 ue
884 2171 1011 2250 quidem
1025 2172 1057 2234 in
1111 2184 1138 2228 c.
1155 2166 1259 2228 Finem
1273 2167 1381 2230 litibus.
1403 2171 1435 2248 5.
1457 2167 1494 2230 cle
1516 2167 1589 2230 Dolo
1607 2178 1637 2232 et
1660 2180 1785 2234 eonmm.
1811 2194 1882 2236 cnm

286 2263 881 2347 judiciosnmmario,suutdenegandae
896 2264 973 2338 reis3
986 2284 1057 2327 curn
1113 2260 1285 2322 similibus:
1301 2265 1408 2324 tomen
1426 2261 1535 2324 fortius
1553 2264 1621 2327 lieri
1640 2267 1749 2345 possit,
1773 2269 1807 2330 et
1828 2270 1885 2331 de-

289 2359 463 2438 pertiuesnt
490 2359 532 2421 ed
551 2359 669 2439 justum
694 2359 808 2420 horum
828 2356 1055 2433 detonsionem,
1111 2354 1185 2416 best
1198 2354 1230 2414 in
1242 2354 1361 2434 judicio
1376 2356 1555 2434 summario,
1572 2361 1681 2438 utpote
1695 2360 1728 2420 in
1737 2379 1800 2441 quo
1811 2381 1884 2442 pro-

284 2453 356 2532 jure
370 2455 501 2518 naturali
517 2455 660 2516 omnibns
675 2455 787 2533 injuste
802 2452 972 2514 molestetis
985 2469 1058 2514 con·
1111 2447 1297 2522 cedendum,
1319 2455 1365 2510 est
1384 2449 1575 2530 simpliciter,
1599 2469 1637 2514 ac
1659 2453 1700 2516 de
1722 2455 1830 2534 plano,
1853 2461 1885 2518 et

288 2567 424 2619 cessam;
448 2553 483 2611 ut
502 2549 522 2612 l.
545 2548 606 2612 Vim
629 2550 668 2612 oi.
689 2547 809 2630 §Com
830 2546 863 2607 ff.
885 2547 922 2609 de
940 2547 1015 2610 Viet
1028 2551 1059 2612 ui
1111 2542 1178 2602 siue
1193 2542 1342 2622 strepitn;
1359 2541 1466 2623 sicque
1480 2544 1691 2622 contentiosis,
1707 2555 1765 2610 aut
1785 2549 1884 2610 indis-

287 2651 392 2705 armat
405 2644 519 2722 junctis
534 2644 622 2705 dietis
637 2661 731 2723 supra
743 2660 775 2704 n,
786 2645 835 2704 θῇ.
848 2641 1057 2705 Gonfirmatur
1111 2635 1203 2696 cretis
1218 2634 1358 2712 vocibus,
1377 2636 1427 2696 vel
1448 2635 1544 2714 (qnod
1564 2635 1700 2698 deterius
1714 2637 1772 2719 est)
1788 2640 1884 2702 obeli-

287 2737 347 2799 boc
361 2738 462 2816 ipsum
485 2755 541 2817 per
563 2743 680 2799 textum
702 2751 886 2815 expressum
910 2735 943 2794 in
958 2753 984 2795 c.
1002 2733 1057 2796 Ee
1112 2727 1191 2788 natis
1206 2727 1483 2806 disceptationibus
1505 2727 1684 2808 obstrepere
1707 2749 1772 2792 non
1799 2733 1880 2810 licet,

285 2839 370 2913 porte
384 2841 444 2893 too.
461 2833 508 2895 13.
524 2831 559 2892 de
573 2830 660 2913 Offia.
682 2829 803 2910 debunt.
829 2829 882 2890 nbi
905 2845 969 2890 non
984 2829 1055 2890 obs·
1111 2839 1181 2883 ⁰³1¹·
1196 2821 1235 2882 Io
1249 2820 1317 2884 loto·
1334 2825 1363 2882 5·
1381 2840 1411 2900 q·
1428 2826 1458 2882 t·

287 2928 372 2988 mnia
390 2923 489 2986 lorino
507 2925 678 2987 litterarum
693 2923 954 3004 apostolicarum,
972 2921 1057 2984 dale·
1152 2918 1221 2978 106.
1243 2915 1294 2976 Aa
1320 2913 1498 2994 exceptiones
1532 2914 1678 2980 dilatoriae
1710 2917 1742 2978 iu
1766 2919 1883 3000 judicio

288 3025 378 3098 gntus
399 3035 488 3098 papae
507 3019 630 3082 edebat
644 3017 841 3080 mtionsbiles
856 3017 1057 3095 exceptiones
1110 3007 1268 3068 summario
1294 3005 1397 3088 repelli
1415 3005 1546 3082 debeam,
1571 3009 1810 3092 detitescentem
1828 3023 1881 3076 est.

288 3112 461 3175 admittere.
483 3114 604 3176 alinde
632 3112 772 3192 quemvis
800 3110 868 3172 hoee
896 3109 1054 3186 clausula,
1114 3102 1174 3166 Ubi
1185 3103 1366 3184 repelluntur
1379 3101 1578 3181 frumentariae
1587 3123 1601 3180 ,·
1621 3124 1678 3167 uon
1698 3125 1765 3168 uero
1785 3107 1881 3188 legiti-

292 3225 308 3262 u
329 3205 401 3266 Sine
425 3205 529 3284 aliqua
551 3205 781 3284 exceptionum»
800 3219 894 3264 omne
916 3202 1057 3264 videntur
1110 3213 1167 3258 mse
1180 3194 1354 3276 exceptiones
1368 3192 1525 3271 dilatoriae,
1542 3194 1569 3256 si
1589 3194 1635 3258 lto
1657 3215 1714 3258 non
1732 3199 1884 3280 requirnnt

287 3295 451 3358 excludere
465 3295 690 3374 exceptionem,
702 3313 768 3373 arg.
785 3295 806 3354 l.
826 3292 911 3355 Tbnu
923 3294 1055 3358 nomime.
1111 3287 1244 3350 altiorem
1258 3285 1438 3368 indaginem.
1455 3319 1495 3336 -
1507 3287 1598 3368 liesp.
1616 3289 1652 3350 ll.
1667 3291 1778 3352 Utrum
1791 3293 1824 3352 in
1834 3293 1883 3372 ju-

286 3387 434 3469 §Stichos
461 3407 569 3452 secus
595 3389 628 3450 a.
653 3388 690 3451 da
716 3387 803 3450 Fidei
828 3386 1004 3450 commissor.
1023 3387 1057 3450 li-
1110 3381 1190 3442 dicio
1209 3381 1379 3442 summario
1400 3381 1508 3460 repelli
1527 3381 1664 3444 debeant
1684 3387 1881 3463 exceptiones

288 3483 390 3546 lutat.
408 3501 446 3546 ea
459 3489 565 3546 mmen
585 3501 648 3544 non
662 3482 741 3545 tollit
754 3481 952 3560 exceptiones
965 3482 1057 3544 ratio-
1110 3475 1280 3548 dilatorias,
1296 3489 1366 3553 quae
1382 3479 1455 3536 suot
1467 3473 1597 3552 frivolae,
1619 3493 1676 3536 san
1696 3495 1784 3540 mere
1805 3479 1883 3542 frus·

286 3576 418 3652 nabiles,
434 3595 489 3638 seir
503 3576 666 3656 legitimas.
680 3574 888 3636 Glossscitc.
905 3573 959 3634 lin
970 3584 1057 3655 porte
1109 3567 1259 3644 morin,
1288 3585 1352 3628 non
1379 3585 1448 3629 esse
1478 3567 1701 3644 admittendus,
1732 3579 1818 3652 patet
1845 3594 1882 3636 ex

288 3677 338 3731 tuo
352 3689 433 3734 vers.
457 3669 555 3733 Nullae
569 3670 603 3732 de
622 3668 710 3750 Offie.
727 3667 851 3750 deleput.
867 3667 960 3737 istud,
976 3685 1057 3746 prae-
1110 3661 1250 3741 proxime
1265 3660 1365 3724 dictis.
1382 3661 1515 3722 Econtra
1529 3679 1604 3724 vero
1623 3663 1728 3741 plures
1751 3667 1881 3745 reperiri

286 3769 335 3826 ter
345 3764 549 3828 textum'ibld.
562 3763 693 3826 ulterius
703 3761 831 3821 tirmsns
841 3779 880 3822 ex
889 3780 916 3823 c.
929 3760 1052 3824 Audito.
1109 3754 1264 3836 legitimas
1279 3754 1478 3834 exceptiones
1493 3754 1664 3831 dilatorias,
1679 3775 1750 3837 que
1759 3758 1882 3838 injudi-

286 3861 316 3919 tl.
331 3857 366 3920 de
386 3855 655 3939 Restitut‘spoliot.
675 3859 706 3915 et
719 3853 740 3915 l.
760 3853 952 3933 obligatione.
972 3855 1005 3914 tl.
1021 3852 1057 3917 de
1110 3851 1158 3912 cio
1174 3847 1268 3910 eoam
1290 3847 1461 3908 summario
1483 3847 1604 3910 admitti
1625 3850 1754 3928 debent,
1777 3869 1880 3931 neque

286 3951 439 4035 Pignoril.
465 3969 536 4014 eum
560 3949 722 4012 similibus.
753 3947 890 4008 Bsrbosa
916 3953 996 4009 tract
1021 3946 1057 4010 de
1110 3941 1176 4004 sine
1190 3937 1415 4018 injuriflpflrliss
1433 3939 1520 4018 rejici
1542 3951 1683 4020 possunt,
1706 3944 1880 4022 praeeram

287 4045 443 4109 comunt.
461 4047 557 4108 clane.
575 4047 642 4106 156.
659 4061 690 4103 n.
707 4046 737 4104 i.
754 4048 825 4123 post
843 4041 1009 4103 Rebuffum
1024 4041 1056 4103 iu
1110 4035 1137 4094 si
1150 4051 1213 4093 non
1227 4033 1388 4110 requirant
1400 4033 1543 4094 altiorem
1556 4034 1746 4115 indaginem,
1763 4036 1798 4098 in
1811 4056 1882 4100 oon·

289 4139 444 4222 Conpeid.
460 4140 578 4202 alienet.
594 4159 626 4199 n.
643 4140 693 4200 te.
1109 4125 1191 4188 tesso
1206 4131 1264 4188 est.
1280 4125 1331 4188 Sic
1345 4125 1429 4186 euim
1443 4129 1584 4208 exceptio
1599 4131 1681 4207 pacti
1695 4131 1735 4190 de
1749 4149 1813 4192 noa
1828 4149 1881 4211 pe-

327 4235 396 4296 lot.
420 4231 600 4306 Praesertim,
625 4229 653 4291 si
672 4243 729 4288 ooo
747 4226 900 4308 requirnnt
922 4227 1057 4291 nltiorem
1110 4220 1205 4285 tendo
1233 4227 1305 4282 anto
1332 4226 1475 4298 tempus,
1503 4224 1611 4301 procul
1635 4223 1732 4286 dnbio
1759 4225 1880 4286 admitti

287 4325 463 4408 indaginem.
479 4359 519 4374 ·-
532 4328 633 4403 litque
647 4320 725 4382 illud
738 4321 787 4382 vel
801 4320 935 4381 maxime
950 4339 1057 4399 proee-
1111 4315 1223 4390 debet;
1240 4320 1274 4377 ut
1288 4331 1357 4392 cap.
1376 4333 1429 4376 un.
1445 4314 1489 4377 lie
1501 4315 1569 4396 plus
1581 4316 1714 4397 petitine.
1731 4317 1882 4398 Idemque

287 4419 342 4491 dit,
359 4417 483 4496 quando
498 4416 638 4498 exceptio
653 4413 843 4492 ceteroquin
864 4413 1057 4475 rationabilis
1111 4409 1279 4472 dicendum
1297 4408 1336 4469 de
1361 4409 1543 4490 exceptione
1567 4411 1677 4490 spolii;
1703 4430 1774 4490 cap.
1800 4429 1821 4474 1.
1848 4432 1884 4476 ae

288 4528 350 4572 non
363 4510 490 4590 requirit
505 4510 648 4574 altiorem
661 4506 862 4588 indaginem:
886 4507 960 4586 qnia
982 4513 1056 4568 tunc
1112 4520 1199 4582 seqq.
1216 4501 1254 4563 ale
1267 4501 1404 4564 Restituit.
1421 4503 1537 4584 spoliat.
1555 4507 1586 4566 et
1599 4504 1667 4566 aliis
1690 4503 1881 4585 hujusmodi,

288 4605 414 4667 omnino
429 4603 559 4680 admitti,
576 4609 669 4682 atque
684 4608 777 4662 antea
793 4600 949 4680 desumpti
964 4599 1058 4662 debet
1111 4614 1181 4677 quse
1196 4615 1259 4657 non
1273 4597 1436 4674 requirunt
1449 4596 1591 4660 altiorem
1606 4597 1797 4678 indaginem.

288 4697 438 4778 exceptio,
457 4698 550 4759 ellam
564 4694 724 4774 injudicio
745 4693 926 4755 summario.
950 4693 1057 4754 Abbas
1152 4694 1220 4754 lor.
1243 4690 1391 4773 Encepn‘o
1404 4691 1536 4754 altiorum
1547 4693 1711 4774 indaginem
1721 4694 1882 4774 ιεᾳιιὲιειιι,

289 4809 317 4854 o.
335 4791 410 4856 Cum
424 4789 537 4862 dibon,
554 4807 584 4849 n.
600 4791 649 4850 22.
670 4787 705 4849 de
729 4785 902 4868 Coufimaot.
928 4785 996 4846 utili
1014 4785 1061 4848 vel
1111 4803 1178 4868 quae
1192 4787 1230 4848 sit
1236 4785 1351 4867 judicis
1364 4786 1487 4848 arbitrio
1505 4787 1692 4869 relinquitur.
1714 4819 1755 4834 -
1775 4788 1881 4862 Porro,

181 4891 188 4910 '
290 4887 364 4946 iiiut.
382 4883 414 4944 id
428 4882 564 4963 probans
577 4883 767 4962 pertextam
781 4880 855 4942 ibid.
882 4881 956 4942 dum
980 4899 1059 4960 pon·
1113 4898 1257 4960 quasnam
1271 4879 1303 4942 in
1317 4881 1442 4942 casibus
1460 4879 1699 4959 particularibus
1718 4887 1883 4944 censeatur

289 4977 396 5040 tilexu
416 4974 566 5056 principio
590 4974 679 5035 facile
700 4973 825 5035 admisit
845 4974 1059 5054 exceptionem
1116 4973 1286 5054 susceptio
1301 4973 1443 5035 alborem
1464 4972 1643 5053 indaginem
1667 4972 1876 5052 requirens»

289 5068 531 5153 prescriptionis
545 5065 735 5148 propositam
756 5071 865 5134 eontra
887 5066 1059 5128 innovatio-
1112 5085 1171 5130 nee
1193 5085 1246 5141 ne,
1269 5065 1431 5146 prudentis
1451 5065 1564 5145 judicis
1585 5065 1712 5128 arbitrio
1727 5057 1775 5128 est
1789 5066 1878 5128 rubn-

290 5183 362 5227 nem
382 5163 625 5244 privilegiorum,
648 5161 724 5222 dnm
744 5161 965 5234 arbitrabatur,
988 5179 1058 5222 eam
1113 5160 1285 5241 quendum,
1306 5159 1359 5237 qni
1382 5159 1521 5238 pensatis
1545 5159 1691 5238 qualitate
1714 5177 1828 5232 musa,
1852 5165 1880 5221 et

290 5276 346 5338 per
359 5259 519 5339 delegatos
534 5273 609 5317 suos
625 5254 710 5316 brevi
733 5252 977 5333 expediendam:
1004 5254 1059 5316 sed
1112 5271 1327 5334 personarum,
1344 5253 1475 5332 aliisque
1489 5253 1729 5316 circumstantiis
1749 5254 1783 5314 id
1803 5253 1879 5334 diju-

292 5351 425 5430 coguito,
441 5348 525 5428 quod
540 5348 622 5410 diets
638 5345 780 5426 exceptio
795 5345 966 5428 longiorem
980 5351 1060 5409 trae·
1113 5345 1240 5407 dicabit.
1255 5344 1438 5408 Menochius
1451 5346 1506 5408 lib.
1523 5347 1559 5408 ll.
1574 5345 1609 5407 ds
1621 5345 1775 5409 tristior.
1786 5345 1875 5427 judu.

292 5451 358 5511 tum
372 5442 524 5524 temporis
538 5443 685 5522 requirat,
701 5457 740 5502 ea
755 5455 817 5500 non
836 5439 977 5502 obstante
992 5457 1061 5518 pro-
1114 5457 1178 5502 cus.
1195 5441 1244 5501 til.
1261 5459 1292 5499 n.
1311 5443 1340 5514 3,
1357 5438 1456 5501 citans
1470 5440 1644 5502 [temanum
1657 5440 1691 5500 io
1712 5441 1825 5502 rubrio.
1847 5436 1881 5498 de
