4064 6062
289 262 347 322 tid
513 257 585 322 LlB.
609 259 644 322 li.
665 251 874 322 DECRE‘l'Ai..
898 253 968 323 777.
991 255 1080 325 xxti.
1104 255 1154 322 os
1174 255 1261 324 stus
1281 257 1643 327 lassataslasatas.

288 373 488 477 praescriptio,
506 399 758 474 quantocumque
772 387 913 474 tempore
927 409 1049 474 posses-
1104 395 1219 474 publici
1234 395 1313 457 offici
1328 401 1454 476 propter
1464 396 1620 476 publicam
1629 396 1793 459 utilitatem
1806 413 1874 457 nun

287 489 333 550 sio
347 488 399 548 illa
413 487 631 550 continuetur:
651 501 666 544 u
686 487 759 566 quia
779 503 941 566 possessor
960 489 1051 550 malas
1104 495 1320 563 retractantur,
1337 489 1410 552 licet
1423 496 1532 569 postea
1550 495 1699 569 sequatur
1718 487 1876 568 depositio

285 581 358 643 fldci
379 581 442 641 ullo
466 585 606 660 temporo
627 595 692 641 non
716 580 900 659 prescribit,
924 603 939 640 u
963 581 1053 660 juxta
1105 583 1201 662 ipsius
1214 598 1281 660 arg.
1299 583 1319 644 l.
1337 581 1510 645 Boriurius.
1527 583 1561 643 ff.
1580 583 1618 644 dr
1640 581 1727 664 Offic.
1747 589 1874 664 prmor.

285 693 351 755 reg.
368 679 398 736 2.
412 673 490 754 juris
505 675 537 735 in
550 677 585 752 6,
1106 679 1138 737 et
1151 691 1220 738 can.
1237 675 1363 758 infamis
1371 693 1522 757 personas,
1538 680 1567 739 3.
1584 695 1616 757 q.
1631 677 1691 756 7.§
1710 675 1813 738 Veram
1827 683 1877 736 to·

326 771 394 831 773.
418 767 517 829 Datur
530 766 689 848 disparitas
703 765 803 848 aliquo
817 765 1053 841 intertestem,et
1105 784 1179 830 men.
1205 769 1332 832 Accedit
1354 761 1438 849 qu'od
1459 771 1614 833 sententia
1636 778 1743 833 contra
1781 774 1874 832 notu-

285 862 430 922 notorium
455 860 616 942 publicum.
644 891 688 909 -ν
710 860 759 922 Ad
786 861 1053 922 confirmationem
1105 861 1268 938 siumlata,
1285 879 1348 922 non
1362 861 1557 926 dabustcliis
1571 881 1696 938 nocere,
1718 865 1740 925 i.
1764 863 1876 926 Lurius

286 962 420 1036 uagatus
451 955 535 1036 paris
569 955 650 1016 inter
680 953 836 1016 noterium
871 960 901 1016 et
927 957 1050 1029 testem,
1109 953 1327 1019 iltius'infin.
1346 955 1447 1033 Deiis,
1464 957 1518 1039 pur*
1530 957 1787 1039 minuturiufom.
1801 975 1875 1018 com

287 1052 438 1128 quantum
455 1049 500 1130 vad
524 1049 727 1128 propositum.
752 1048 840 1124 Quia,
867 1050 900 1108 ut
922 1045 990 1125 quis
1014 1045 1053 1108 sit
1106 1049 1269 1112 similibus.

287 1142 384 1214 testis,
401 1159 464 1202 non
478 1140 644 1220 requiritur
657 1139 835 1214 auctoritas,
855 1157 911 1200 seu
932 1137 1051 1217 specio·
1145 1145 1214 1204 sta.
1239 1141 1301 1205 Sed
1323 1143 1515 1206 insomnio
1536 1143 1575 1205 cd
1603 1161 1635 1204 co
1656 1142 1786 1225 confecto
1808 1151 1875 1226 post

285 1233 322 1293 lis
337 1231 497 1311 deputatio
510 1233 677 1313 principis;
699 1233 753 1312 sed
775 1233 964 1312 generaliter
983 1246 1051 1292 om·
1106 1249 1188 1296 suom
1204 1235 1480 1312 condennationem,
1501 1255 1559 1298 non
1578 1236 1684 1299 count.
1706 1267 1747 1284 -
1768 1237 1874 1298 Altera

287 1344 343 1388 nes
365 1327 420 1401 iili,
444 1327 558 1406 quibus
580 1327 792 1388 testimonium
813 1342 877 1386 non
900 1325 1052 1405 reperitur
1106 1343 1180 1390 seso
1194 1344 1266 1408 pars
1280 1328 1455 1392 desumitur
1469 1344 1507 1392 ex
1525 1331 1577 1394 cit.
1600 1349 1627 1392 c.
1652 1329 1872 1392 Frotunitotis.

286 1419 496 1495 interdictum,
512 1427 642 1500 possunt
657 1437 724 1482 esse
742 1426 848 1482 testes.
872 1420 893 1480 l.
914 1421 937 1480 1.
960 1415 992 1478 tt.
1017 1417 1052 1479 ab
1105 1423 1136 1482 t.
1156 1419 1191 1483 de
1211 1421 1353 1486 Hui-etro.
1378 1423 1467 1499 Quia,
1492 1439 1529 1486 cs
1554 1441 1616 1503 quo
1638 1424 1803 1486 damnatus
1826 1426 1876 1482 est

290 1512 394 1575 Tertio.
409 1515 506 1576 Sosus
520 1513 686 1575 mendum
706 1513 738 1574 in
757 1513 881 1575 notans
903 1511 1049 1592 publico:
1106 1517 1214 1577 auctor
1227 1515 1380 1596 latsitatis,
1404 1535 1500 1598 opera
1520 1519 1600 1598 ojus,
1624 1517 1719 1580 tatuit
1742 1515 1873 1587 falsarii,

286 1608 369 1668 unde
384 1613 468 1686 putat
482 1624 597 1687 magna
609 1607 785 1686 disparitas,
801 1605 887 1666 haud
896 1606 1050 1678 obstante,
1105 1615 1266 1688 noqueunt
1280 1613 1414 1692 amplius
1427 1612 1530 1675 iacere
1545 1613 1659 1684 iidem:
1679 1625 1752 1672 num
1773 1609 1874 1690 qualis

288 1704 370 1782 quod
384 1702 418 1764 in
436 1703 504 1764 aliis
526 1703 628 1763 vulcat
647 1706 868 1782 argumentum
890 1719 909 1761 a
932 1697 1052 1762 notario
1106 1708 1154 1762 ast
1175 1706 1295 1777 auctos,
1319 1706 1395 1766 talia
1418 1711 1651 1784 praesumuntur
1673 1721 1767 1784 opera
1791 1702 1872 1781 ejus

285 1794 326 1854 ad
339 1799 462 1870 testem,
479 1801 510 1858 et
522 1802 659 1857 econtra.
1015 1797 1020 1804 '
1105 1793 1219 1854 Toxlus
1234 1798 1267 1857 ct
1283 1795 1392 1859 Glossa
1413 1797 1444 1858 in
1466 1812 1540 1860 casu
1560 1798 1611 1863 cit.
1634 1815 1662 1860 c.
1686 1795 1876 1857 Frutcrsitc-

324 1893 393 1951 sut.
422 1888 523 1952 Volent
536 1892 727 1951 instrumento
746 1885 873 1968 consede
891 1904 945 1967 per
967 1895 1050 1948 noto-
1106 1887 1154 1949 tis.
1172 1889 1345 1954 Concordat
1360 1909 1426 1973 reg.
1441 1895 1472 1954 8.
1484 1893 1564 1971 juris
1579 1893 1610 1952 in
1623 1895 1654 1953 a.
1670 1889 1876 1952 assumimu-

251 2045 253 2050 ,
283 1980 361 2042 rium
387 1983 440 2064 qui
460 1983 606 2063 inpressos
627 1989 671 2044 est
691 1981 723 2042 in
745 1981 839 2062 puori·
852 1981 1052 2062 posscssionum
1105 1979 1165 2058 lus,
1182 1999 1308 2062 semper
1325 1985 1525 2064 proesumitur
1545 2000 1614 2048 esse
1637 1985 1749 2056 malus,
1771 2003 1785 2042 o
1810 1983 1875 2042 sul-

285 2075 459 2153 notorictun,
474 2075 578 2137 somnio
589 2083 617 2137 ct
627 2075 754 2158 potiente
763 2074 920 2156 superiore,
933 2072 1054 2134 iubente
1105 2079 1170 2135 tem
1193 2074 1225 2135 in
1248 2077 1359 2155 eodem
1384 2075 1504 2158 gcucre'
1526 2077 1651 2154 delicti,
1680 2082 1716 2139 ut
1741 2077 1876 2154 explicat

282 2175 453 2250 potestaten
467 2166 589 2231 meandi
600 2169 738 2230 notorior.
756 2201 796 2216 ·-
809 2169 901 2246 Resp.
916 2167 952 2228 Π.
969 2165 1051 2227 Pati·
1106 2167 1214 2229 Glossu
1229 2169 1304 2230 ibid.
1325 2172 1463 2247 Accedit,
1485 2172 1569 2253 quod
1591 2173 1730 2234 notanus
1752 2171 1791 2231 de
1813 2169 1874 2229 csi-

286 2266 337 2324 tus
365 2263 566 2324 nibilominus
593 2263 667 2324 data
698 2261 855 2324 conclusio
884 2259 1053 2340 quramdam
1106 2260 1191 2322 minc
1212 2261 1281 2324 iaisi
1302 2267 1476 2339 convietus,
1502 2271 1534 2329 ct
1557 2257 1793 2337 condemnatus,
1815 2262 1876 2321 hoc

285 2355 510 2431 limitationem,
527 2356 553 2417 si
567 2356 710 2418 videlicet
722 2355 790 2435 quis
804 2354 964 2434 ingressus
976 2351 1051 2413 fuis·
1104 2353 1173 2433 ipss
1187 2361 1386 2417 removeatur
1399 2375 1417 2418 a
1430 2357 1556 2438 publico
1568 2357 1670 2418 officio
1686 2354 1874 2416 notariatus:

285 2455 333 2510 set
346 2448 378 2508 in
392 2447 481 2526 quasi
496 2449 727 2527 possessionem
739 2450 913 2508 notariatus
921 2443 1050 2521 scienta,
1106 2445 1189 2506 unda
1204 2445 1307 2507 locum
1322 2447 1427 2521 habat,
1442 2449 1527 2528 quod
1541 2448 1696 2510 statuitur.
1712 2446 1733 2506 l.
1757 2445 1797 2508 Si
1814 2445 1874 2506 cli·

285 2545 316 2601 et
343 2541 478 2618 patiente
506 2540 679 2621 superiora,
706 2537 842 2601 habente
864 2540 1052 2618 potestatam
1105 2537 1179 2618 quid
1190 2557 1217 2600 c.
1233 2537 1269 2600 de
1281 2539 1479 2622 susceptorib.
1496 2543 1550 2605 lib.
1565 2545 1603 2604 X.
1619 2542 1673 2602 ubi
1690 2540 1833 2602 Bastulus
1841 2541 1874 2600 in

283 2634 409 2696 creandi
423 2634 571 2708 nonnos,
597 2640 630 2696 et
651 2633 835 2714 iungeretur
854 2632 907 2694 tali
929 2628 1048 2704 otiioio;
1106 2629 1277 2693 Summort'o
1290 2632 1426 2696 breviter
1439 2636 1484 2697 siu
1497 2637 1559 2699 ait:
1581 2637 1682 2697 «Non
1699 2641 1802 2714 potest
1820 2634 1875 2712 qui

284 2745 357 2790 nam
370 2731 446 2791 tunc
461 2729 667 2790 instrumenta
682 2743 739 2807 par
754 2745 827 2789 eum
837 2723 990 2799 conlecta,
1000 2739 1052 2785 va·
1106 2741 1251 2787 usercam
1267 2727 1411 2802 officium,
1428 2729 1461 2790 in
1477 2745 1538 2809 quo
1551 2728 1649 2790 semel
1664 2728 1830 2806 deliquit.»

283 2822 667 2884 terent.1trtescncit.1.
685 2821 861 2884 Burburius.
883 2839 917 2883 n.
941 2823 991 2881 bt.
1015 2817 1051 2879 dc
1145 2821 1215 2879 277.
1237 2817 1440 2882 Instrumenta
1452 2820 1481 2881 si
1493 2821 1619 2884 babeant
1628 2820 1718 2904 pluro
1730 2819 1874 2900 capitula,

286 2911 374 2996 Offic.
385 2922 509 2996 proetor.
525 2922 596 2996 post
609 2919 723 2979 Aulon.
740 2916 773 2976 in
787 2933 856 2995 cap.
880 2933 901 2978 1.
924 2911 960 2974 dc
978 2909 1052 2974 Fide
1104 2917 1134 2972 et
1148 2909 1178 2970 in
1191 2929 1249 2972 urso
1263 2911 1366 2974 borum
1379 2914 1420 2974 sit
1434 2913 1570 2976 odmtbto
1590 2913 1706 2996 falsitas
1719 2915 1798 2976 circo
1810 2914 1877 2974 sno

285 3009 469 3071 instrument.
485 3009 573 3072 [tatio
596 3013 654 3086 cst,
678 3011 751 3090 quia
770 3013 938 3090 postquam
958 3023 1050 3085 supe·
1105 3002 1255 3064 stantialis
1268 3006 1385 3086 nepotii,
1400 3003 1534 3089 utquam
1545 3017 1645 3090 posteo
1653 3008 1785 3070 notorius
1793 3007 1877 3069 dom

285 3101 348 3163 rior
366 3103 464 3178 scivit,
490 3108 521 3165 et
543 3103 649 3177 tacuit,
675 3107 820 3165 censetur
841 3098 933 3170 tacite
956 3098 1050 3160 talem
1105 3103 1207 3176 uomr,
1242 3099 1424 3178 probabilius
1449 3101 1624 3184 reprobatur
1649 3103 1680 3163 in
1706 3109 1807 3163 toturn.
1835 3131 1878 3148 -

280 3196 439 3258 'notarium
460 3196 681 3269 condomanam
706 3195 790 3257 unde
811 3192 1007 3256 constituitur
1026 3191 1052 3252 is
1106 3191 1200 3271 ilesp.
1222 3192 1258 3255 ll.
1281 3195 1526 3257 lustramentum
1550 3203 1623 3258 ante
1644 3195 1878 3257 condemnatio-

284 3289 316 3349 in
330 3287 419 3367 quusi
434 3289 628 3368 possessione
643 3289 734 3352 officii
747 3289 930 3363 notariatus,
946 3287 1052 3366 sicque
1106 3302 1180 3346 nam
1194 3285 1306 3347 notarii
1320 3285 1506 3363 coniectum,
1519 3289 1545 3349 si
1559 3288 1674 3350 babeat
1686 3288 1776 3366 plura
1791 3285 1878 3365 capi-

285 3381 389 3444 valeut
403 3383 492 3462 gesta
509 3399 566 3462 per
588 3382 711 3461 ipsum:
735 3383 828 3461 prout
848 3381 881 3441 in
901 3379 992 3440 simili
1013 3379 1053 3440 de
1107 3377 1354 3450 calmasinum
1378 3377 1513 3458 capitulo
1538 3379 1577 3442 sit
1596 3379 1736 3442 admixta
1758 3377 1877 3440 falsitas

287 3473 422 3537 habento
450 3473 678 3556 possessionem
701 3473 976 3553 jurispatronatus,
997 3471 1052 3533 de·
1107 3469 1190 3532 daca
1205 3469 1419 3532 substantialia
1433 3473 1563 3552 negotii,
1587 3473 1627 3534 ob
1651 3489 1745 3552 qnam
1768 3479 1879 3552 postca

288 3568 424 3629 comitur
445 3585 472 3632 c.
496 3565 773 3632 Concitatissima.
797 3569 846 3630 29.
868 3566 905 3630 dc
925 3567 1053 3648 durcpo·
1108 3563 1248 3626 notarius
1261 3564 1312 3626 illa
1326 3561 1505 3641 damnatur,
1522 3573 1553 3629 et
1566 3565 1743 3646 deponitur,
1762 3565 1879 3647 proba·

285 3668 396 3722 tronnt.
1108 3655 1200 3718 bilius
1215 3657 1399 3738 reprobatus
1412 3657 1443 3718 in
1458 3661 1571 3737 totum
1586 3661 1630 3721 ltu
1648 3657 1754 3720 Abbos
1775 3658 1827 3719 eit.
1847 3675 1876 3718 c.

324 3758 394 3818 775.
415 3754 614 3816 Instrumenta
632 3751 763 3833 consecto
780 3769 834 3834 pur
853 3751 1002 3834 notorium
1021 3751 1057 3813 dc
1109 3749 1330 3813 firmitatis.
1346 3769 1379 3814 n.
1395 3755 1424 3814 t.
1441 3759 1512 3832 post
1525 3750 1879 3825 innocentium,ibid.de

285 3846 407 3909 crimine
427 3846 501 3928 salsi
520 3846 738 3909 condunnctnm
761 3844 878 3920 count,
901 3843 1056 3924 sisuerint
1109 3842 1251 3908 Iteratio.
1267 3845 1410 3908 Bastulus
1423 3843 1445 3905 l.
1471 3845 1511 3908 Si
1530 3863 1569 3907 au
1590 3844 1685 3926 (abu.
1708 3846 1728 3925 ξ
1749 3845 1879 3907 Advorte

286 3939 365 4021 facto
378 3937 1053 4022 onteejuscondemnctt'oncm.-0ussrituslli.
1110 3944 1218 4000 tumen.
1243 3953 1271 3997 c.
1293 3935 1329 3998 da
1354 3935 1555 4000 iinnmction.
1582 3937 1665 4002 istud
1688 3938 1876 4017 intelligens,

288 4038 336 4096 Au
349 4033 473 4096 ualeant
496 4035 702 4094 instrumenta
724 4029 866 4093 contacta
889 4049 944 4112 per
964 4036 1054 4092 nota·
1109 4030 1235 4110 quando
1248 4029 1367 4092 falsitas
1380 4031 1523 4110 provenit
1536 4045 1575 4092 es
1595 4045 1731 4110 persone
1751 4031 1877 4102 notarii,

288 4125 379 4200 rium,
396 4125 449 4205 qui
463 4133 556 4187 antea
570 4121 1055 4204 quaemultasciat-estuaret
1109 4125 1163 4204 qui
1181 4141 1239 4185 sua
1259 4123 1389 4198 malitia,
1411 4124 1461 4186 vel
1481 4123 1565 4203 dolo,
1587 4123 1745 4186 commisit
1764 4123 1878 4186 Μιιιιιι

288 4220 486 4298 postmodum
500 4218 726 4279 condemnatus
739 4215 799 4278 tuit
811 4217 851 4277 da
864 4216 942 4277 falso
956 4217 988 4276 in
999 4233 1055 4277 suo
1109 4218 1142 4278 in
1156 4232 1220 4277 uno
1235 4235 1271 4278 ex
1286 4217 1551 4280 substantialibus.
1568 4217 1782 4296 Eamdemque
1804 4233 1878 4276 ssu·

290 4310 388 4373 officio
416 4311 605 4372 commisso?
631 4310 724 4389 Resp.
754 4313 777 4372 l.
805 4309 917 4372 Valent
942 4310 1057 4371 instru-
1109 4309 1240 4374 tentiam
1257 4310 1361 4389 plures
1379 4309 1432 4372 alii
1448 4317 1558 4373 teneat
1578 4311 1663 4390 apud
1679 4309 1880 4373 Menochium

288 4410 393 4465 menta
407 4419 425 4464 a
440 4404 492 4465 tali
506 4403 628 4465 notario
643 4406 716 4464 anta
731 4403 800 4482 ejus
821 4401 1055 4464 condemnatio·
1109 4403 1145 4465 dc
1165 4402 1459 4484 Presumptionibus.
1481 4402 1536 4466 lib.
1557 4403 1594 4465 li.
1620 4403 1801 4488 Prmsumpt.
1824 4407 1879 4464 22.

288 4506 361 4556 nem
389 4494 472 4556 iactu
494 4496 636 4575 quamvis
657 4495 726 4557 heco
755 4501 864 4574 posue
886 4501 1053 4574 sequatur:
1110 4515 1144 4558 n.
1158 4499 1188 4558 3.
1205 4496 1254 4558 cui
1268 4497 1362 4557 etiam
1376 4497 1510 4559 muitum
1527 4497 1611 4560 iavet
1628 4497 1811 4578 Speculatus
1829 4496 1879 4561 tit.

288 4590 342 4651 sad
364 4589 570 4650 instrumenta
592 4589 634 4651 ab
657 4606 695 4650 eo
719 4587 861 4650 coniecta
882 4591 1056 4666 postsuam
1109 4589 1144 4652 de
1166 4588 1429 4652 Instnmrantorum
1449 4589 1582 4653 aditione.
1606 4591 1626 4670 g
1647 4589 1881 4652 minimum

288 4681 591 4760 condemnationem,
607 4681 1056 4744 nonvalent.lia1uuoccntius
1109 4699 1189 4764 erpo.
1206 4701 1237 4743 n.
1255 4683 1304 4744 lt).
1315 4688 1346 4743 at
1360 4685 1409 4744 tt.
1426 4682 1570 4762 quamtis
1581 4681 1613 4744 in
1628 4680 1818 4745 contrarium
1831 4684 1881 4744 al·

289 4773 320 4836 in
335 4792 363 4835 c.
379 4773 598 4835 Frotunitotr‘s.
614 4771 651 4834 dc
663 4772 802 4836 Horatio.
818 4779 849 4834 ct
864 4773 968 4834 Abbas
978 4773 1053 4834 ibid.
1110 4775 1192 4856 leget
1204 4774 1412 4850 Tancradum,
1428 4778 1460 4838 et
1473 4775 1627 4856 quosdam
1640 4777 1727 4851 alios,
1749 4777 1801 4856 qni
1822 4794 1880 4836 ro-

288 4885 321 4929 n.
338 4870 375 4942 33
393 4865 535 4928 sanctus
549 4865 581 4924 in
594 4865 616 4926 l.
632 4865 808 4928 meorius.
823 4866 842 4946 ς
856 4865 934 4942 Quid
944 4865 980 4928 de
993 4865 1055 4928 No·
1109 4869 1189 4945 lunt,
1212 4868 1298 4946 quod
1321 4875 1395 4930 tuuc
1417 4868 1624 4949 reprobentur
1650 4869 1718 4930 sola
1744 4869 1882 4950 capitula

289 4962 375 5023 torno.
391 4960 424 5020 li.
440 4957 476 5020 de
490 4955 579 5038 Osfio.
594 4966 740 5040 protor.;
762 4960 944 5038 Speculatus
958 4960 1005 5024 lit.
1020 4959 1057 5022 de
1110 4977 1250 5022 oonusxa
1264 4977 1337 5022 cum
1350 4959 1442 5034 falso,
1454 4949 1772 5040 nonveroso'purata:
1782 4979 1880 5040 quam

288 5053 551 5116 instrumentorum
560 5051 1062 5138 editione.§ltcrtototderc.n.35.
1110 5054 1298 5116 contrariam
1310 5053 1500 5117 senteutiam
1514 5055 1610 5116 stiam
1622 5055 1883 5132 sequiturtlcno-

289 5151 321 5208 ct
333 5150 424 5209 toan.
442 5146 582 5207 Andreas
595 5145 629 5205 in
642 5143 747 5206 Addit.
763 5145 839 5206 ibid.
854 5165 935 5208 vers.
956 5147 978 5208 l.
1001 5147 1054 5210 lin.
1110 5145 1199 5206 chius
1212 5147 1264 5209 cit.
1286 5153 1469 5226 praeumpt.
1490 5151 1542 5209 ti.
1566 5165 1598 5208 n.
1623 5145 1881 5219 strumarum

289 5239 416 5321 l‘irlsing
428 5241 460 5301 h.
477 5245 500 5302 t.
509 5231 547 5302 n.
575 5241 623 5302 73.
648 5243 680 5300 ct
702 5237 766 5301 alii.
789 5239 894 5300 Prima
915 5257 988 5320 pass
1010 5259 1058 5301 se-
1109 5239 1133 5300 l.
1148 5239 1198 5302 IX.
1215 5238 1398 5303 Ceutronum.
1408 5257 1502 5321 m·
1518 5259 1587 5320 sapt
1604 5255 1702 5304 um.
1719 5246 1751 5301 et
1764 5237 1880 5318 prabu-

292 5335 396 5412 quitur
410 5351 448 5396 ex
461 5332 551 5394 dietis
565 5349 597 5392 n.
614 5333 683 5395 sot.
698 5331 771 5410 quia
787 5349 825 5393 ex
840 5351 902 5411 quo
916 5334 985 5396 talis
998 5353 1055 5396 uo·
1110 5331 1205 5395 bilem
1218 5337 1327 5396 censat
1338 5333 1467 5414 Pirhing
1480 5335 1513 5396 h.
1531 5342 1551 5396 t.
1568 5353 1601 5394 n.
1617 5336 1666 5396 52

292 5428 390 5492 tanus
416 5426 567 5488 toleratus
598 5427 630 5487 iu
661 5425 782 5500 officio,
817 5432 904 5505 gesta
937 5427 1056 5490 ratione
1150 5433 1219 5493 sia.
1243 5425 1335 5509 idquit
1347 5427 1551 5509 multipliciter
1559 5427 1715 5510 putarer.
1732 5459 1772 5506 ις-
1789 5430 1881 5492 ilatio
