4080 6064
408 267 509 356 exn.
530 273 581 338 nn
601 271 726 349 ιιιιι,
747 253 1242 350 morinummontem,
1264 272 1313 334 nc
1334 269 1501 334 rourum
1705 272 1744 336 ιι
1811 287 1813 295 ’

164 405 927 489 postnoumuess.suo.n.s.psre11.necent.
983 407 1129 468 tenentur
1144 405 1238 484 jureii
1259 404 1372 479 dicere,
1394 423 1428 468 su
1449 404 1603 467 audivisse
1621 405 1663 468 its
1685 421 1746 486 pn-

163 505 335 568 ltulundnm
348 503 458 568 consil.
474 506 505 564 3.
521 521 552 563 n.
569 506 618 566 19.
634 502 687 564 lib.
702 505 727 565 1.
743 505 776 566 et
788 501 876 564 elios.
890 503 927 565 Ιι.
982 502 1062 566 blico
1080 501 1141 564 dici
1164 519 1183 562 s
1205 503 1323 582 maiore
1343 508 1430 581 perte
1447 501 1564 580 populi.
1580 501 1668 565 Unde
1681 520 1745 564 non

163 600 350 679 itaquis-itur,
374 599 459 679 quod
486 598 568 660 lema
596 598 747 678 originem
767 597 889 660 duxerit
911 615 931 659 u
983 594 1095 658 sufficit
1108 594 1275 673 deponere,
1296 594 1379 672 quud
1401 595 1554 657 audierint
1567 595 1609 656 itu
1623 595 1746 675 publice

163 694 300 774 personis
315 693 468 767 honestis,
489 699 520 756 et
542 692 604 754 tide
620 691 733 772 dignis,
749 710 777 754 c.
800 691 931 767 Qualiter
982 687 1042 749 dici
1058 687 1175 767 (posset
1188 689 1270 749 enim
1285 689 1476 769 contingere,
1492 689 1575 768 quud
1594 699 1685 752 unus‘
1697 709 1748 752 so-

161 795 187 852 et
200 787 322 871 mondo
336 791 385 851 st.
406 787 442 850 de
461 787 646 852 Arruntius.
671 804 742 848 uum
764 785 927 848 similibus.
982 782 1031 844 lus
1044 783 1075 844 id
1089 782 1213 861 publico
1227 781 1365 860 dixisset)
1388 783 1445 844 sed
1456 799 1584 845 necesse
1599 787 1647 847 est
1659 784 1746 848 testi-

161 885 206 946 lll.
235 882 329 954 Quod
357 885 487 957 constet,
516 897 571 941 seu
598 897 655 958 per
676 881 771 941 testes
791 877 929 956 legitime
982 875 1080 954 iiusri,
1104 876 1148 939 its
1170 875 1266 940 tuisse
1286 876 1402 940 dietum
1425 897 1444 940 e
1468 877 1577 958 mojori
1591 881 1680 958 perte
1693 897 1748 959 po-

162 976 321 1056 probetur,
338 975 455 1037 temam
469 991 507 1034 ex
521 971 710 1051 probabilius
724 972 825 1034 causis
839 971 931 1048 origi·
983 971 1058 1051 puli.

160 1089 230 1132 nem
254 1070 394 1142 duxisse,
418 1085 489 1146 qne
512 1068 662 1146 populum
680 1065 826 1128 inducere
845 1069 930 1144 pute·
1023 1067 1091 1128 396.
1114 1063 1224 1143 Populi
1243 1064 1357 1126 nurnine
1376 1064 1429 1146 pui
1446 1065 1493 1127 liic
1522 1063 1749 1146 inleliipunturi

161 1169 228 1226 rani
251 1163 295 1226 od
319 1163 365 1226 siu
384 1161 586 1228 credendum,
602 1163 634 1222 et
647 1160 814 1222 dicendum
831 1177 838 1220 ι
854 1159 930 1220 elius
983 1156 1021 1219 In
1038 1155 1160 1238 nepotiis
1178 1165 1272 1218 tumen
1291 1159 1390 1238 porois
1403 1158 1514 1238 mfpieil
1525 1160 1607 1239 fumo
1620 1159 1746 1224 uicinius.

162 1257 242 1319 enim
263 1273 330 1318 nun
353 1262 437 1316 esset
457 1253 553 1326 ieme,
573 1253 629 1314 sed
642 1269 721 1314 rena
736 1270 795 1314 uox
808 1251 928 1331 populi,
983 1277 1023 1298 ····
1037 1249 1189 1310 Ceterum
1212 1249 1338 1310 nomine
1361 1249 1486 1327 majoris
1509 1251 1606 1329 portis
1627 1251 1745 1330 pupuli,

162 1367 229 1431 qun
244 1349 367 1414 attendi
381 1365 442 1410 non
457 1347 562 1418 debet,
573 1347 594 1408 l.
606 1346 799 1410 Decurionum
813 1345 880 1427 filii.
900 1365 927 1408 o.
983 1341 1034 1402 bic
1044 1359 1106 1402 non
1114 1359 1238 1421 semper
1250 1341 1336 1404 venit
1349 1343 1549 1424 intelligenda
1562 1345 1662 1422 mciur
1675 1363 1748 1423 pers

161 1442 194 1506 de
205 1443 319 1505 Ριιιιιιι.
335 1443 391 1504 He
406 1441 475 1502 due
490 1438 676 1518 posteriores
691 1437 882 1500 conditiones
895 1443 931 1500 ιιι
983 1435 1078 1498 tonus
1098 1435 1301 1498 multitudinis
1314 1435 1476 1500 hominnm
1491 1439 1589 1502 intuli
1603 1439 1684 1510 loco,
1700 1439 1748 1502 rel

161 1537 271 1598 melius
287 1535 510 1616 intelliguntur.
984 1528 1096 1591 uicinis
1110 1528 1400 1610 quomodocumque
1414 1534 1631 1596 existentium:
1647 1534 1702 1596 sed
1716 1533 1748 1594 id

198 1631 270 1694 391.
293 1629 390 1692 Fumo
409 1635 502 1709 potest
522 1627 643 1707 probuti
659 1645 714 1708 per
734 1625 808 1689 duos
835 1634 928 1688 testes.
984 1626 1032 1682 cst
1053 1620 1265 1700 recipiendum
1280 1622 1313 1684 in
1327 1641 1420 1686 sensu
1434 1627 1646 1698 accommodo,
1666 1625 1749 1687 vide-

162 1723 256 1785 l'eetes
277 1721 328 1784 illi
343 1722 444 1785 ιιιιιιιι
461 1740 518 1786 esre
537 1727 685 1800 spectatu·
694 1719 775 1802 fidei,
790 1739 839 1782 eeu
853 1721 934 1782 omni
983 1711 1056 1776 licet
1070 1731 1126 1792 pru
1146 1715 1259 1793 majori
1281 1723 1369 1795 perte
1391 1735 1512 1789 sorum,
1529 1719 1582 1798 qui
1596 1719 1656 1780 buc
1670 1717 1748 1782 scire
1816 1727 1820 1733 ’

160 1816 327 1897 receptione
345 1817 482 1897 majores.
499 1815 638 1894 -Besp
661 1815 698 1876 ll.
720 1815 816 1876 Fems
830 1821 932 1894 potest
985 1812 1139 1884 poterant,
1165 1815 1195 1870 et
1218 1807 1257 1868 ad
1281 1827 1359 1888 quus
1380 1812 1538 1892 specubus
1554 1811 1637 1874 istud
1659 1813 1746 1874 scire.

161 1909 287 1988 probuti
300 1927 358 1989 per
371 1911 449 1971 duos
462 1913 557 1970 testes
575 1910 722 1987 spectate
737 1907 821 1978 tidei,
837 1913 931 1985 utque
985 1901 1128 1964 Bur-tulus
1142 1903 1192 1963 uit.
1209 1902 1419 1980 §Plurimum
1443 1925 1474 1967 n.
1500 1909 1548 1968 19.
1572 1907 1751 1968 Msscurdus

161 2004 293 2082 integrm
323 2001 486 2082 opinionis,
512 2018 568 2062 seu
597 1999 643 2078 (ut
670 1999 722 2060 alii
750 1999 932 2080 loquuntur)
986 1993 1017 2056 d.
1034 1993 1311 2058 concilient.
1329 1997 1435 2058 etalii.
1458 1996 1517 2074 Sic,
1533 1997 1586 2060 ubi
1601 1999 1751 2078 quaeritur

162 2096 247 2156 omni
269 2095 454 2174 exceptione
476 2093 622 2172 majores.
638 2094 682 2154 ltu
696 2094 805 2156 Glossn
817 2094 849 2154 in
864 2093 884 2158 l.
899 2098 930 2157 3.
986 2087 1025 2149 de
1039 2087 1121 2149 fama
1136 2090 1349 2168 superponitis
1361 2090 1504 2168 alieuius,
1515 2091 1565 2152 vel
1578 2091 1753 2170 eiusscien-

164 2194 193 2258 i.
214 2189 390 2270 Confirmet.
407 2188 439 2248 ιι.
453 2187 486 2246 ιι.
502 2191 524 2266 ι.
542 2185 660 2263 dicens,
670 2187 753 2264 quod
768 2185 851 2248 tama
866 2205 934 2266 pm.
986 2179 1040 2255 tis,
1056 2181 1171 2243 sufficit
1184 2199 1252 2242 esse
1265 2182 1381 2244 famem
1395 2182 1475 2246 iuter
1487 2184 1615 2263 peritos,
1635 2187 1669 2245 et
1686 2184 1751 2246 dis·

163 2281 327 2360 butorper
341 2279 420 2342 duos
440 2284 547 2352 testes,
570 2295 641 2340 cum
656 2279 763 2356 jurent
782 2280 933 2358 majorem
987 2273 1106 2352 cipulos
1132 2273 1202 2336 tulis
1228 2275 1313 2350 ontis,
1343 2281 1398 2340 sut
1424 2277 1572 2350 scientius,
1595 2297 1615 2340 e
1641 2279 1752 2358 maiori

161 2382 283 2456 purtem
307 2373 413 2453 populi
427 2373 470 2434 its
484 2371 610 2433 sentire.
626 2370 768 2434 Bastulus
783 2371 803 2435 1.
820 2372 865 2434 De
878 2374 934 2436 mi·
986 2372 1075 2446 parte
1102 2365 1146 2428 ³50
1174 2367 1329 2436 dictitet:
1354 2376 1441 2448 puts,
1463 2371 1545 2432 inter
1564 2371 1701 2451 1611111118.
1726 2371 1752 2432 8⁴1

161 2487 240 2530 m,
254 2469 273 2548 §
286 2467 470 2530 plurimum,
490 2483 522 2528 n.
548 2468 600 2527 19,
618 2463 654 2526 de
675 2465 829 2540 (prmum,
855 2467 933 2529 11611.
988 2466 1144 2538 quoerctur
1157 2460 1196 2522 de
1212 2460 1439 2542 iomnlcgistse3
1455 2463 1505 2526 rel
1518 2465 1600 2527 inter
1612 2465 1754 2526 cunonis·

161 2579 221 2622 nus
239 2579 269 2623 u.
299 2559 397 2622 lertio
419 2558 488 2619 loco.
512 2575 544 2618 n.
570 2561 600 2619 1.
622 2557 657 2620 de
679 2558 852 2622 Prudutiuu.
868 2561 930 2625 lul.
986 2557 1046 2631 us,
1076 2553 1101 2612 si
1129 2553 1167 2614 de
1195 2555 1364 2631 oenunistu,
1399 2559 1431 2620 et
1465 2557 1643 2636 huiusmodi
1670 2559 1753 2620 uude

163 2650 451 2714 ClerusinProetic.
466 2649 582 2710 nimiu.
599 2648 684 2727 §iim
701 2653 812 2728 quest.
828 2654 855 2712 6.
876 2671 930 2714 nu.
987 2647 1096 2709 Glussa
1115 2646 1137 2706 1.
1161 2645 1237 2710 Cum
1259 2646 1390 2728 quidum.
1413 2652 1442 2725 i.
1468 2649 1530 2714 Sed
1547 2651 1576 2711 ei
1591 2651 1655 2724 seit,
1671 2651 1704 2712 ιι.
1720 2649 1755 2714 de

164 2748 197 2806 11
211 2765 220 2818 ;
236 2739 650 2806 Borinsuiuslib.ll.Pruuit
658 2741 804 2803 es'mtuat
821 2749 930 2821 quoest.
967 2737 1163 2818 -Aepuirend
1188 2737 1319 2800 teredii.
1349 2741 1380 2800 in
1405 2741 1496 2802 simili
1519 2741 1562 2802 its
1584 2741 1750 2818 loquitur:

163 2843 212 2898 11.
226 2856 260 2898 n.
276 2839 347 2898 208.
364 2838 434 2898 219.
450 2839 482 2896 et
496 2850 583 2912 seqq.
600 2833 782 2896 Menocbius
790 2835 843 2897 lib.
854 2836 930 2899 Vlll.
990 2832 1082 2894 «Sed
1104 2833 1129 2893 si
1153 2832 1218 2904 suit,
1245 2833 1413 2896 multorum
1435 2835 1592 2913 opinione,
1620 2834 1674 2913 qui
1693 2834 1752 2896 huc

38 2945 41 2954 ·
164 2929 270 2990 consil.
302 2927 370 2990 tul.
398 2947 431 2988 n.
461 2931 511 2990 19.
545 2927 724 2988 Muscsrdns
750 2927 785 2990 de
806 2928 930 2993 Prodat.
986 2925 1064 2986 scire
1084 2929 1226 3000 possunt.
1247 2947 1261 2984 ιι
1288 2927 1460 2988 concordet
1479 2931 1583 2990 textus
1601 2927 1623 2988 1.
1648 2926 1686 2988 In
1705 2943 1753 2988 ru·

163 3023 260 3087 cunci.
289 3024 359 3086 150.
391 3037 422 3082 n.
440 3024 468 3083 1.
498 3019 637 3098 allegans
660 3037 869 3082 communem.
895 3023 932 3085 ιιι
986 3017 1072 3080 tioru.
1088 3019 1106 3098 ᾖ
1120 3019 1202 3095 Quod
1213 3020 1298 3102 ιιιιιᾳο
1312 3021 1433 3084 dicitur.
1448 3022 1482 3083 ιι.
1504 3021 1556 3084 Ad
1575 3021 1664 3101 leuem
1683 3020 1754 3084 Ful-

163 3117 295 3180 hebetur
314 3133 343 3178 c.
368 3113 584 3196 quur'ritiunes.
608 3117 657 3176 91.
677 3114 696 3193 i
715 3113 872 3189 Ouoesitum
899 3115 933 3178 de
985 3110 1041 3172 cul.
1067 3111 1122 3172 ubi
1143 3112 1186 3191 ly,
1215 3115 1327 3191 oquud
1351 3114 1444 3192 vulgo
1466 3114 1620 3186 diuitum»
1647 3115 1755 3192 nequit

164 3211 300 3272 romu.
316 3207 465 3270 nbiiums
480 3207 930 3289 censeturprubstuperduos,
985 3205 1149 3279 verificari,
1175 3207 1233 3268 nisi
1256 3207 1337 3270 inter
1359 3207 1514 3294 sepientes
1534 3213 1565 3269 et
1583 3207 1752 3276 studentes,

165 3303 211 3364 rel
229 3307 296 3365 trus
314 3306 421 3364 testes.
445 3301 620 3364 concordet
637 3319 666 3362 c.
680 3300 763 3362 Licet
776 3302 929 3366 unebmsrb.
986 3299 1038 3377 qui
1050 3297 1102 3375 jos
1116 3297 1192 3358 illud
1212 3299 1291 3360 scire
1312 3306 1442 3378 possunt
1462 3304 1495 3362 et
1508 3299 1635 3376 debent,
1662 3301 1755 3376 prout

164 3399 211 3460 ts.
227 3397 260 3458 ιι.
277 3403 299 3458 t.
318 3401 350 3456 et
363 3413 392 3458 c.
409 3393 636 3458 Commendo.
652 3393 931 3460 cressementum
985 3395 1223 3469 argumentatur
1236 3391 1387 3464 Bastulus,
1405 3391 1458 3452 nbi
1471 3405 1578 3470 supro.

164 3491 315 3570 allegatur
335 3489 413 3550 illud
435 3488 629 3551 Dominieum
645 3507 652 3550 :
668 3487 707 3550 In
727 3508 777 3552 ore
794 3487 930 3569 duorum,
1025 3481 1143 3542 Deinde
1158 3499 1196 3544 ex
1214 3499 1263 3560 eo,
1284 3483 1369 3562 quod
1395 3482 1479 3544 inme
1501 3483 1617 3544 orietur
1630 3482 1753 3543 nonnisi

164 3581 207 3644 uel
222 3582 315 3643 lrienn
336 3581 453 3644 ιειιιιιιιι
466 3581 522 3662 piot
533 3599 616 3642 omne
629 3580 758 3642 rudunt
775 3581 862 3651 Quod
876 3601 933 3643 nu·
986 3591 1025 3634 ex
1040 3575 1195 3636 cummuni
1217 3575 1364 3654 opinione
1384 3591 1503 3649 eurum,
1519 3576 1559 3638 sd
1573 3593 1651 3654 quos
1664 3592 1755 3652 speo-

166 3680 224 3736 tem
243 3681 342 3736 testes
361 3674 404 3735 illi
428 3675 565 3736 debeant
585 3689 653 3734 esse
675 3676 822 3752 spectate
845 3671 929 3748 iidei,
985 3673 1031 3730 tet
1053 3667 1144 3742 scire,
1169 3667 1310 3744 iniuntur,
1330 3669 1414 3748 quod
1432 3673 1526 3732 testes
1540 3685 1635 3747 super
1647 3685 1686 3729 eu
1699 3666 1754 3730 dc-

165 3783 217 3826 seu
232 3766 431 3845 (obloquitur
443 3764 625 3826 Menochius
646 3763 698 3826 uit.
714 3782 747 3826 ιι.
764 3767 813 3826 19.
830 3771 862 3826 et
875 3765 933 3826 Fs·
985 3767 1137 3842 ponentes
1152 3762 1185 3822 in
1198 3763 1330 3842 negotiis
1344 3761 1476 3841 magnis,
1490 3761 1627 3823 debeant
1646 3760 1754 3822 testifi-

164 3859 298 3920 rinsuius
320 3859 352 3920 ιι.
377 3877 409 3918 n.
430 3861 501 3920 210.
526 3875 596 3918 cum
619 3857 698 3934 eliis)
722 3857 806 3918 omni
821 3875 933 3936 excep·
986 3854 1061 3926 ueri,
1082 3852 1198 3916 tamum
1220 3871 1288 3916 esse
1312 3855 1406 3916 tutius
1429 3855 1571 3930 civitatis,
1592 3858 1699 3934 utpote
1713 3855 1754 3918 ad

165 3955 245 4016 tione
257 3954 406 4031 maiores,
423 3957 508 4032 patet
522 3969 560 4012 ex
574 3969 601 4010 c.
619 3948 750 4026 Qualiter
763 3958 791 4012 et
804 3949 930 4032 quando.
984 3947 1312 4026 quempertinctscire
1323 3949 1564 4030 negotiandum,
1576 3948 1625 4010 vel
1639 3947 1752 4010 saltem

164 4049 210 4108 st.
233 4044 269 4108 de
288 4046 428 4107 eunoun
444 4051 474 4106 ct
488 4063 515 4106 u.
532 4043 614 4105 Licet
626 4061 664 4104 en
678 4042 816 4123 quodum.
832 4047 882 4104 11.
898 4044 930 4104 b.
986 4039 1113 4115 maioris
1122 4040 1219 4118 partis
1232 4041 1301 4118 ejus
1317 4060 1325 4100 :
1342 4059 1431 4102 secus
1445 4041 1477 4100 in
1490 4040 1623 4119 negotiis
1637 4041 1750 4120 pernis,

163 4143 184 4198 1.
200 4155 335 4216 quornm
349 4137 445 4199 verba
458 4155 491 4198 n.
507 4139 577 4199 391.
594 4135 783 4198 referuntur.
985 4150 1059 4193 num
1084 4133 1115 4194 in
1136 4133 1186 4192 bis
1209 4134 1323 4196 sufficit
1343 4135 1425 4195 foma
1447 4133 1579 4211 vicisim,
1595 4151 1651 4196 seu
1671 4134 1752 4196 illius

78 4227 84 4252 '
200 4232 271 4292 395.
297 4228 391 4292 Testes
404 4227 574 4309 deponentes
587 4226 623 4290 de
634 4225 716 4307 fumo
730 4225 832 4288 debent
848 4224 933 4306 depo·
986 4223 1205 4299 universitatis,
1231 4225 1272 4286 ud
1291 4243 1389 4304 quoni
1399 4224 1439 4285 de
1452 4223 1514 4286 huc
1527 4225 1605 4286 scire
1621 4230 1749 4303 spectat.

164 4321 327 4403 respond
351 4322 395 4384 itu
411 4319 579 4382 audiverint
607 4320 668 4383 dici
679 4339 697 4381 a
719 4320 831 4402 mojori
845 4329 933 4402 purte
986 4315 1129 4378 Bastulus
1156 4317 1215 4378 lou.
1240 4317 1292 4380 cit.
1317 4337 1349 4380 n.
1375 4321 1423 4379 19.
1449 4317 1481 4378 id
1504 4317 1638 4396 probans
1661 4336 1699 4380 ex
1721 4337 1750 4381 u.

160 4414 270 4496 pupuli.
285 4445 327 4462 ·-
341 4415 434 4494 Resp.
461 4415 510 4476 111.
539 4413 647 4476 Testes
673 4412 868 4494 deponentes
892 4413 931 4476 de
985 4406 1079 4482 Illud,
1094 4410 1129 4474 de
1142 4410 1320 4491 Prcesurnpt.
1336 4416 1368 4472 et
1381 4410 1409 4471 ι.
1421 4409 1496 4472 Cum
1504 4410 1633 4490 quidum
1643 4413 1661 4492 ἓ
1671 4411 1767 4487 Quod·

162 4507 242 4569 mmo
256 4507 376 4570 debent
393 4505 474 4570 inter
494 4505 554 4567 slis
576 4505 745 4586 deponere,
769 4508 853 4586 quod
875 4525 932 4568 su·
984 4500 1152 4564 streitruit.
1168 4501 1395 4583 deAepuireod.
1413 4501 1544 4564 toeredit.
1564 4503 1753 4582 obsequitur

163 4599 460 4680 dicrintitspubliue
473 4597 533 4660 dici
548 4617 567 4659 u
580 4599 690 4678 majori
704 4605 791 4677 porte
805 4600 928 4679 pupuli:
985 4595 1163 4658 nestoreos
1177 4595 1228 4658 cit.
1246 4594 1345 4656 cunci.
1359 4598 1431 4658 750.
1448 4614 1479 4656 n.
1495 4600 1525 4669 9,
1547 4595 1686 4677 ellegsns
1707 4585 1753 4658 in-'

163 4694 299 4773 alioquin
320 4710 384 4753 nun
411 4692 581 4773 probarent
603 4691 730 4753 tamam.
755 4695 800 4754 Ιιιι
822 4693 930 4754 Glosss
985 4707 1080 4768 super
1103 4687 1279 4770 Selycetum
1298 4689 1330 4750 in
1349 4689 1368 4751 l.
1391 4689 1442 4751 Eu
1455 4687 1582 4773 quidem.
1599 4693 1631 4753 G.
1647 4689 1683 4754 de
1696 4693 1752 4754 Ae

162 4787 218 4848 loo.
235 4786 287 4848 cit.
305 4785 448 4846 Bastulus
463 4783 514 4846 cit.
530 4803 562 4845 n.
579 4785 627 4847 19.
643 4784 821 4846 Muscardus
841 4803 874 4846 n.
900 4788 928 4846 1.
984 4783 1123 4845 mudum
1312 4847 1314 4850 .

163 4885 192 4942 et
204 4883 233 4942 2.
250 4877 392 4958 allegans
407 4875 495 4937 elius.
511 4875 600 4936 Retio
615 4879 663 4936 cst
679 4894 686 4935 :
703 4881 768 4937 tum
779 4876 854 4955 quia
868 4879 932 4938 ιιιε-Δ
1005 4897 1009 4905 ·
1024 4881 1093 4940 391.
1119 4875 1210 4938 Testes
1222 4875 1257 4938 de
1269 4875 1352 4957 fumo
1366 4886 1498 4940 tenentur
1511 4879 1674 4959 exprimere
1691 4897 1751 4940 cer-

162 4973 217 5044 us,
242 4975 278 5032 ut
301 4970 446 5050 probent,
476 4967 593 5029 debent
619 4967 751 5029 reddere
778 4971 931 5032 rationem
985 4979 1028 5032 tus
1045 4987 1192 5050 persuum,
1211 4968 1313 5033 salter
1326 4969 1418 5046 duos;
1433 4990 1450 5032 o
1465 4971 1568 5052 quitus
1581 4969 1747 5034 audierunt.

161 5063 231 5126 dicti
246 5064 307 5142 sui,
324 5081 380 5143 per
394 5079 522 5124 sensum
538 5077 724 5138 corporeum
733 5078 746 5148 ;Ι
757 5069 842 5141 puis,
859 5064 931 5142 quis
984 5095 1023 5110 -··
1037 5063 1129 5140 Besp.
1144 5061 1194 5122 IV.
1215 5063 1345 5140 Insuper
1364 5070 1458 5126 testes
1480 5083 1574 5142 super
1593 5063 1676 5124 ieme
1698 5064 1751 5126 de-

162 5155 327 5218 cudierunt
351 5155 396 5216 sic
418 5155 477 5217 dici
497 5173 516 5216 a
535 5155 645 5233 maiori
659 5159 749 5234 parte
763 5158 880 5234 pupuli,
897 5163 931 5220 ιιι
984 5160 1146 5234 ponentes,
1162 5173 1199 5216 uu
1213 5155 1404 5236 interrogati,
1420 5163 1565 5220 tenentur
1578 5157 1750 5234 exprimere

163 5247 277 5310 dictum
301 5265 395 5327 supin
418 5249 436 5326 §
458 5263 553 5328 pree.
576 5264 608 5307 n.
634 5251 703 5309 319.
722 5251 753 5310 et
771 5251 847 5321 3t3;
863 5252 930 5312 tum
984 5253 1085 5308 certus
1105 5265 1265 5327 personas,
1289 5248 1400 5310 saliem
1422 5249 1512 5324 dous,
1533 5269 1552 5312 u
1570 5249 1683 5328 quibus
1696 5269 1750 5312 eu·

164 5340 235 5418 qnia
248 5339 333 5400 ιιιιιιιι
348 5357 410 5400 non
423 5337 588 5417 inducitur,
605 5341 663 5402 nisi
677 5359 696 5403 ιι
710 5341 819 5420 mojori
841 5349 929 5421 purte
983 5339 1117 5414 dierunt,
1135 5341 1275 5420 quumvis
1290 5342 1330 5402 de
1342 5341 1412 5414 eliis
1424 5359 1487 5402 non
1502 5342 1634 5420 amplius
1647 5360 1749 5405 recor.

164 5433 289 5513 populi3
306 5451 380 5513 ergo
395 5433 490 5497 etism
508 5437 603 5498 testes
621 5435 660 5498 du
679 5453 716 5497 ee
738 5435 929 5516 deponentes
983 5433 1106 5497 dentur.
1121 5435 1167 5499 lta
1180 5434 1361 5498 Menoetius
1374 5433 1424 5501 cit.
1442 5435 1548 5499 consil.
1564 5437 1633 5500 101.
1646 5455 1678 5498 ιι.
1694 5439 1744 5504 50.
