4028 6068
491 331 578 418 §vn
599 333 651 398 99
669 331 900 401 maranum
917 331 1161 416 9999991919,
1182 331 1266 401 nro.
1611 333 1666 402 199

105 469 302 548 juramentum,
329 475 454 550 quatuor
479 479 547 532 aunt
572 467 787 534 comderanda.
811 503 851 518 —
904 469 1125 549 innocentiam,
1142 476 1173 533 et
1193 469 1386 552 purgandam
1401 469 1556 533 sinistram
1570 469 1669 550 suspi-

107 563 189 622 99999
201 561 231 621 19
244 559 462 642 praefigendo,
475 563 525 624 cui
535 564 614 644 parti
620 563 719 642 judex
728 564 851 626 deierat
904 564 1037 638 cionem,
1053 582 1121 644 quae
1141 569 1249 628 contra
1262 565 1365 644 ipsum
1379 584 1417 628 ex
1437 564 1606 644 semiplena
1619 583 1668 624 ac-

105 655 308 732 jurementum,
319 661 452 734 quatuor
465 663 539 720 sunt
552 657 791 733 consideranda,
806 658 848 720 ri-
903 657 979 718 tcris
996 657 1179 737 probatione
1199 659 1416 740 consurgebat,
1437 659 1523 738 juxta
1535 656 1667 720 dicende

105 749 210 822 delicet,
224 749 357 812 conditio
378 757 668 836 personantium
684 769 850 814 causarum
903 747 1031 811 inferius
1048 751 1066 830 5
1080 769 1166 830 seqq.
1190 769 1222 813 9.
1238 754 1307 814 att.

106 843 366 921 quantusrerurn,
378 849 408 906 et
423 844 554 923 qualitas
568 845 731 907 factorum.
745 844 849 907 Abbas
943 841 1045 904 Tertio
1057 845 1235 922 «quantitas
1249 861 1356 906 rerum
1370 867 1384 904 9
1399 843 1543 924 prudenti
1557 842 1669 923 judicis

106 936 148 996 cit.
160 953 222 1014 cap.
236 935 294 1000 ult.
309 937 327 1016 §
345 936 435 1000 Sane.
451 957 483 998 u.
500 941 529 1002 9.
547 939 578 1001 b.
595 945 617 1002 t.
637 939 748 1018 juncto
763 943 850 1002 textu
903 935 1030 997 arbitrio
1038 936 1122 998 venit
1131 937 1357 999 consideranda
1367 938 1507 1000 incensis
1516 938 1667 1000 civilibus.

107 1025 168 1088 ibid.
181 1026 251 1089 dnm
266 1028 389 1108 inquit:
406 1049 421 1090 a
433 1029 496 1092 Nisi
504 1030 602 1110 judex
617 1031 765 1112 inspectis
779 1048 848 1111 per·
903 1027 1043 1089 Namubi
1053 1027 1203 1108 agiturde
1215 1047 1311 1092 causa
1324 1049 1437 1112 magna
1451 1034 1545 1111 atque
1559 1029 1669 1100 malua,

108 1137 246 1195 99999999,
262 1125 295 1183 91
308 1139 410 1184 causa
425 1123 674 1202 circumstantiis,
683 1125 762 1188 illud
777 1141 852 1185 auc·
905 1139 960 1184 seu
983 1141 1045 1198 res,
1068 1139 1138 1202 que
1162 1121 1277 1202 petitur
1297 1123 1328 1184 in
1345 1123 1474 1202 judicio,
1494 1127 1543 1187 est
1563 1123 1670 1205 magni

108 1213 155 1273 tori
174 1213 274 1278 rideat
296 1213 509 1279 deferendum.
526 1239 540 1278 n
557 1219 637 1280 Nam
656 1217 697 1281 ad
719 1220 852 1282 circum-
904 1215 1028 1294 valoris,
1053 1217 1217 1298 marisque
1237 1217 1419 1298 praejudicii,
1436 1217 1552 1298 pariter
1565 1218 1670 1297 requi-

108 1305 219 1368 stantias
226 1325 432 1388 personarum
441 1321 471 1372 91
481 1328 658 1388 causarum,
670 1319 852 1375 enumerata
905 1315 1015 1372 runtur
1028 1309 1226 1390 probationes
1240 1311 1388 1373 clariores
1403 1316 1433 1374 et
1451 1317 1588 1392 aperte:
1615 1311 1673 1372 sic-

108 1408 222 1478 quatuor
235 1403 338 1484 capita
352 1405 515 1467 commode
529 1406 740 1469 reducuntur:
756 1406 852 1486 quue
906 1419 967 1482 que
990 1421 1053 1463 non
1076 1407 1178 1484 potest
1199 1404 1296 1467 actori
1323 1404 1493 1483 semiplene
1519 1423 1583 1466 non
1605 1421 1674 1484 pro·

109 1493 266 1558 declaratur
277 1497 467 1560 inductione.
483 1499 683 1579 etquidem:
906 1494 991 1556 bauti
1003 1496 1216 1575 juramentum
1229 1493 1343 1558 deferri
1361 1497 1393 1556 in
1407 1497 1671 1577 supplementum,

141 1591 200 1664 199,
214 1593 286 1666 900,
297 1593 353 1653 901
371 1599 402 1653 91
415 1593 483 1654 91199
502 1590 638 1654 Condicio
648 1611 852 1675 personarum,
907 1587 1106 1652 conformiter
1120 1590 1208 1652 dictis
1221 1609 1315 1670 supra
1335 1609 1366 1652 n.
1385 1593 1453 1656 l8't.
1471 1590 1527 1652 sed
1539 1607 1612 1651 reus
1626 1595 1672 1651 est

109 1689 197 1744 natura
216 1701 381 1761 cunamen,
398 1685 546 1765 quantitas
565 1705 663 1748 rerum
686 1694 714 1748 et
727 1686 853 1768 qualitas
908 1683 1128 1759 absolvendus,
1143 1685 1202 1746 nisi
1214 1685 1311 1765 judex
1332 1684 1477 1764 expedire
1488 1683 1676 1764 judicaverit

109 1773 235 1851 sactorum
249 1797 261 1838 .·
275 1783 305 1838 et
320 1776 481 1860 pnonwdo?
499 1810 538 1826 -
552 1779 705 1859 Imprimis
723 1801 737 1839 9
752 1778 856 1842 cundi·
908 1776 981 1838 huic
1007 1776 1128 1839 deferre
1152 1779 1366 1857 juramentum
1388 1777 1428 1838 ad
1452 1776 1675 1839 ostendendam

110 1868 143 1927 tio
166 1887 368 1948 personarum
388 1893 403 1930 9
425 1870 594 1934 attenditur
620 1890 719 1951 penes
746 1889 856 1934 earum
909 1887 999 1932 auam
1014 1871 1223 1932 innocentiam
1240 1873 1306 1932 sive
1328 1869 1411 1951 quod
1427 1871 1523 1934 991991
1533 1869 1609 1930 nibil
1624 1868 1677 1930 de·

108 1961 302 2041 legalitatem:
319 1967 354 2024 ut
367 1961 510 2026 videlicet
520 1963 735 2042 juramentum
747 1981 856 2026 neccs-
908 1965 993 2040 beat,
1005 1983 1072 2046 cap.
1085 1965 1139 2027 ult.
1149 1966 1166 2046 ξ
1175 1964 1264 2027 Sane.
1277 1967 1309 2026 b.
1324 1968 1348 2027 1.
1361 1965 1456 2027 Saeua
1470 1961 1676 2027 dicendnmin

110 2055 210 2116 sarium
229 2073 295 2117 non
315 2055 474 2119 deleratur
491 2073 632 2136 personae
656 2057 776 2133 infami,
791 2057 855 2132 vili,
910 2058 1014 2120 causis
1026 2058 1168 2134 modicis,
1184 2059 1356 2139 presertim
1371 2059 1396 2121 si
1412 2063 1508 2134 actor,
1523 2058 1575 2138 qui
1586 2055 1677 2118 semi-

109 2150 237 2210 99191199
251 2155 402 2230 suspectae
418 2151 457 2212 de
470 2151 622 2230 periurio,
636 2151 692 2213 sed
707 2151 858 2213 duntaxat
911 2151 1002 2233 plene
1016 2153 1169 2232 probarit,
1183 2173 1219 2215 ac
1233 2171 1371 2233 praesens
1385 2153 1510 2234 negotio
1526 2149 1678 2222 interluit,

110 2259 235 2320 99999999
249 2245 352 2324 legali,
364 2263 420 2306 seu
439 2245 591 2324 honestae,
612 2263 649 2308 ao
666 2243 857 2325 fidedignae.
912 2247 951 2308 sit
965 2248 1124 2323 honestus,
1136 2249 1309 2309 etmultnm
1321 2249 1442 2330 legalis,
1453 2267 1519 2328 arg.
1531 2247 1552 2310 l.
1566 2243 1680 2329 199111-

111 2335 184 2396 Unde
197 2337 324 2416 quando
338 2355 412 2400 reus
426 2345 473 2400 est
485 2355 618 2418 persona
632 2338 711 2414 vilis,
722 2336 857 2411 19199919,
912 2362 983 2405 mos.
1000 2345 1018 2426 ἓ
1032 2348 1061 2406 1.
1077 2345 1108 2406 a.
1125 2343 1306 2426 demptam.
1319 2354 1408 2407 tutor.
1425 2362 1461 2406 99
1474 2347 1561 2405 notat
1572 2343 1680 2404 Glossa

112 2445 156 2490 seu
174 2431 252 2492 alies
273 2431 314 2493 de
338 2432 475 2512 periurio
498 2435 655 2512 suspecta,
678 2437 763 2493 99199
785 2447 858 2491 vero
912 2435 946 2495 in
958 2435 979 2496 1.
991 2435 1183 2498 admonendi.
1195 2457 1279 2501 vers.
1294 2437 1421 2501 Exacto.
1437 2437 1469 2498 fl.
1487 2437 1518 2499 19.
1535 2441 1558 2498 1.
1571 2437 1679 2516 jrrnctc

112 2533 149 2586 991
160 2519 292 2588 multum
302 2526 411 2607 legalis
425 2544 463 2588 ao
481 2526 642 2601 honestos,
656 2525 760 2606 potius
774 2525 858 2603 buia,
913 2545 941 2590 9.
958 2527 1227 2593 deterioratione.
1244 2533 1274 2592 3.
1290 2529 1325 2594 de
1338 2527 1558 2592 Procuratcrid.

112 2620 268 2700 semiplene
290 2621 450 2702 probanti,
472 2619 678 2683 deferendum
705 2625 751 2682 est
776 2621 860 2699 jora·
953 2623 1091 2684 Tandem
1116 2645 1132 2682 a
1154 2624 1287 2703 qualitas
1309 2623 1496 2687 factorum»
1519 2623 1612 2687 debet
1635 2625 1681 2686 at·

110 2721 239 2775 uentum
251 2715 284 2776 in
294 2715 559 2794 supplementum,
572 2732 666 2794 quam
675 2731 740 2776 reo.
753 2709 861 2774 1119999
914 2717 999 2779 199911
1013 2723 1111 2796 penes
1130 2717 1199 2795 boc,
1222 2724 1256 2780 ut
1275 2719 1375 2800 magis
1396 2719 1515 2794 scienti,
1534 2717 1682 2780 9999991-

111 2807 168 2869 191.
188 2807 382 2870 Admoneadi.
407 2825 487 2874 vers.
512 2808 632 2870 Exacto
645 2801 858 2889 jnrbmeatum.
915 2815 1010 2874 tatem
1024 2811 1069 2872 rei
1083 2829 1139 2891 per
1152 2813 1311 2894 proprium
1330 2830 1456 2874 sensum
1470 2809 1679 2894 cognoscenti,

111 2904 137 2959 et
155 2900 293 2962 bartolus
316 2900 390 2964 ibid.
405 2901 488 2964 circa
506 2901 560 2964 119.
579 2902 597 2981 §
616 2900 683 2964 Hoc
697 2900 859 2984 manseio.
915 2904 1072 2966 deleratur
1092 2907 1245 2986 ejusmodi
1264 2909 1494 2986 juramentum,
1520 2922 1585 2964 non
1608 2919 1681 2964 vero

111 2991 137 3052 b.
151 3001 190 3068 t.;
207 2993 394 3076 Abbascap.
418 2997 471 3059 alt.
492 2997 510 3076 §
531 2993 620 3058 Sane.
641 3013 675 3058 n.
696 3003 727 3060 9.
743 2996 814 3056 eod.
830 2997 862 3056 91
915 2999 1069 3079 ignoranti
1090 2999 1197 3062 Glossa
1218 3000 1398 3080 marginalis
1420 3019 1448 3061 c.
1477 2997 1549 3062 Tum
1568 2997 1681 3060 titteris.

110 3086 163 3148 elii.
184 3087 270 3150 119119
292 3096 351 3164 991,
376 3089 449 3170 quie
469 3091 684 3170 juramentum
702 3087 787 3151 istud
809 3087 862 3149 de·
915 3077 996 3152 9999.
1012 3090 1143 3153 Probata
1157 3090 1191 3154 de
1212 3090 1313 3154 Testib.
1327 3092 1444 3172 junctis
1465 3090 1555 3155 dictis
1576 3107 1681 3169 supra,

110 3177 198 3240 lertur
214 3180 245 3241 in
266 3179 425 3243 delectum
446 3181 637 3264 probationis
650 3181 691 3244 ad
705 3197 775 3242 eam
790 3198 863 3260 sup-
916 3184 1079 3265 9999999.
1092 3204 1124 3248 9.
1137 3187 1194 3248 181
1205 3186 1441 3250 9118999999
1452 3191 1537 3248 actor
1547 3184 1683 3263 cuipiam

110 3273 256 3352 plendam,
280 3275 336 3338 ubi
355 3274 470 3351 delicit,
490 3276 511 3336 l.
534 3274 573 3339 In
588 3275 670 3338 bona
683 3273 762 3358 fidu.
778 3293 806 3337 9.
827 3273 863 3336 de
916 3276 997 3339 lacto
1012 3279 1306 3357 presensinteriuit,
1322 3279 1380 3360 ipsi
1395 3279 1499 3360 potius
1513 3276 1684 3357 semiplene

112 3365 198 3429 119199
209 3368 344 3448 audatia·
365 3373 398 3434 et
417 3373 658 3449 999999999199,
675 3369 729 3431 ubi
747 3369 864 3449 perju·
916 3367 1069 3448 probandi
1082 3370 1297 3449 jurameutum
1319 3371 1544 3452 suppletorium
1563 3375 1609 3431 est
1630 3368 1685 3429 de·

112 3467 276 3527 amenum
301 3481 366 3526 uon
390 3469 494 3544 potest
519 3465 668 3544 compleri
696 3463 860 3545 probatio,
915 3461 1096 3542 ferendum;
1112 3481 1175 3524 non
1197 3481 1270 3527 vero
1294 3483 1359 3542 reo,
1377 3465 1430 3545 qui
1451 3471 1498 3526 est
1516 3459 1685 3524 199999911-

112 3556 863 3638 119119999919199991999919999119919999-
917 3557 1004 3635 eujus
1025 3555 1162 3618 defuncti
1176 3564 1208 3618 91
1229 3558 1331 3619 scium
1345 3562 1464 3638 negat:
1488 3554 1686 3636 praesumitur
1771 3631 1774 3639 ,

112 3651 787 3734 mipleneprobavit‚estquepersonolegalis,
799 3667 863 3712 uon
917 3651 1001 3711 enim
1015 3649 1158 3730 ignorare
1178 3651 1295 3712 lactum
1309 3650 1457 3730 alienum,
1475 3652 1496 3712 l.
1516 3646 1683 3722 Marcellae,

112 3762 177 3805 sero
189 3763 268 3821 rcus,
276 3747 492 3825 juramentum
506 3751 607 3825 potest
621 3745 777 3824 complere
791 3761 864 3824 pro·
916 3744 950 3806 11.
967 3745 1077 3806 Rerum
1097 3753 1272 3807 amoturum.
1288 3751 1319 3808 et
1339 3745 1361 3806 l.
1379 3744 1573 3826 Quamquam.
1588 3741 1621 3803 ff.
1637 3740 1686 3802 Ad

111 3837 254 3902 batiouem
287 3842 442 3902 duntaxat
465 3857 503 3902 ex
529 3847 617 3921 parte
645 3839 775 3913 actoris,
800 3855 864 3899 uon
918 3836 948 3900 S.
966 3839 999 3899 o.
1015 3835 1165 3898 Velleian.
1181 3853 1253 3897 cum
1268 3835 1430 3897 similibus.

111 3946 176 3989 vera
190 3949 226 3993 ex
238 3935 328 4012 parte
339 3933 404 4006 rei;
422 3950 496 4014 ergo
512 3939 585 3996 tune
599 3937 647 3996 est
660 3930 864 3995 deterendum
957 3935 1026 3995 903.
1054 3929 1094 3993 Ut
1103 3931 1305 4011 juramentum
1314 3927 1345 3989 in
1357 3925 1587 4010 supplementum
1595 3925 1685 4008 porn't

113 4025 207 4086 991991.
222 4025 324 4088 Minor
338 4027 508 4107 probatur:
524 4027 610 4108 quia,
624 4035 658 4090 91
667 4025 862 4107 supponitur,
918 4024 1011 4087 actori
1023 4022 1143 4105 deferri,
1159 4022 1256 4085 decem
1269 4021 1429 4104 copulative
1442 4021 1686 4103 requr'runtnr;et

113 4125 306 4180 9999999991
321 4137 456 4198 persona
469 4119 599 4202 legalis:
611 4121 697 4202 atqui
712 4121 782 4182 talis
796 4137 866 4199 per·
919 4115 1051 4201 qual-
1060 4120 1151 4198 Resp.
1168 4117 1217 4180 ΠΙ.
1233 4117 1273 4180 Ut
1289 4116 1502 4195 jurameutum
1514 4114 1547 4174 in
1561 4111 1686 4192 supple·

115 4225 182 4271 sona
192 4229 254 4272 nan
267 4215 372 4294 potest
380 4214 535 4294 complere
549 4213 776 4294 probationem,
793 4229 866 4274 eum
920 4215 1062 4274 mentum
1083 4211 1181 4292 possit
1199 4209 1314 4271 deferri
1336 4211 1443 4284 actori,
1465 4207 1575 4270 decem
1593 4223 1684 4284 copu-

116 4317 170 4362 999
180 4305 298 4383 probet,
313 4307 359 4368 uti
381 4313 466 4386 patet
486 4308 519 4369 in
539 4311 617 4369 teste
633 4315 780 4368 extraneo
794 4306 867 4367 talis
920 4305 1012 4368 191199
1026 4305 1236 4384 requiruntur.
1249 4304 1402 4367 11919999
1415 4302 1475 4364 inl.
1492 4297 1684 4365 Admouendi.
1718 4380 1722 4390 Ι

117 4395 302 4477 conditionis,
318 4398 408 4478 cujus
420 4399 634 4461 testimonium
650 4417 713 4460 non
727 4398 802 4462 lacit
816 4416 866 4460 se·
921 4420 954 4462 n.
970 4405 1018 4464 91.
1034 4403 1104 4480 post
1123 4399 1254 4460 Paulum
1276 4397 1315 4462 de
1337 4400 1443 4462 Castro
1462 4395 1537 4459 ibid.
1560 4395 1592 4457 ff.
1615 4397 1645 4457 b.
1662 4400 1685 4456 t.

118 4487 270 4567 miplenam
292 4491 520 4572 probationem.
543 4494 638 4555 Secus
660 4492 742 4554 19991
760 4491 868 4554 dicen·
922 4498 955 4556 et
964 4492 1152 4555 concordant
1164 4498 1231 4555 tum
1240 4489 1491 4566 hactenusdicta,
1508 4497 1574 4552 tum
1584 4487 1690 4567 proxi·¹
1815 4558 1822 4573 .

118 4578 181 4642 dom
198 4584 323 4664 qnando
345 4601 418 4646 reus
439 4589 488 4648 est
507 4602 640 4665 persone
664 4583 785 4664 legalis,
802 4601 867 4644 uun
903 4586 1136 4652 medicanda:
1158 4587 1394 4665 atqueillasunt
1408 4585 1588 4664 sequentia:
1610 4582 1685 4643 -1.
1772 4663 1777 4677 .

118 4691 179 4734 9999
191 4681 278 4740 actor
294 4695 302 4737 ε
318 4678 392 4757 quia
413 4683 488 4739 tunc
502 4678 542 4740 ob
557 4677 700 4741 eamdem
714 4678 870 4739 rationem
922 4679 1011 4751 Quod
1020 4697 1115 4741 causa
1124 4679 1164 4742 sit
1176 4680 1282 4755 civilis,
1293 4696 1357 4739 non
1368 4677 1548 4756 criminalis,
1560 4676 1611 4738 vel
1625 4673 1689 4756 spi-

115 4765 314 4843 juramentum
328 4769 565 4836 deterreturreo
578 4772 694 4854 potins,
707 4787 804 4850 quam
817 4788 871 4832 ac·
923 4773 1138 4835 ritualia-ll.
1148 4772 1342 4844 Quodeausa
1352 4789 1414 4832 non
1429 4772 1468 4833 sit
1476 4770 1607 4845 famosa,
1618 4786 1690 4831 con-

118 4861 179 4924 tori·
924 4867 1064 4928 formiter
1072 4865 1328 4946 dicendis§seqq.
1344 4883 1376 4926 n.
1392 4868 1450 4928 919
1466 4867 1498 4927 91
1509 4868 1580 4927 911.
1591 4863 1689 4926 -111.

149 4955 260 5020 11919919
289 4978 304 5016 n
331 4961 443 5021 natura
471 4977 636 5022 causarum
658 4980 674 5019 n
697 4957 873 5022 9119911199
925 4959 1140 5031 Quodcumma
1151 4955 1691 5045 91199999.-11119991991999999

117 5051 288 5129 penesboc,
304 5069 345 5114 an
359 5071 453 5116 eausa
468 5053 625 5131 9119191119,
640 5055 691 5116 vel
704 5052 872 5114 criminalis
926 5051 1002 5114 sciet
1014 5069 1119 5114 rerum
1132 5051 1304 5128 veritatem,
1326 5057 1356 5113 91
1374 5068 1430 5130 per
1444 5066 1571 5110 sensum
1584 5063 1693 5126 corpo

118 5145 234 5226 exigens
259 5147 459 5227 probationes
485 5147 716 5228 apertissimas,
746 5148 778 5208 91
803 5147 872 5208 1999
926 5165 1026 5234 reum.
1046 5177 1086 5194 -
1100 5144 1137 5208 V.
1159 5145 1247 5217 Quod
1257 5145 1296 5207 sit
1307 5142 1428 5226 legalis,
1438 5149 1469 5204 et
1484 5141 1544 5200 fide
1566 5138 1691 5218 dignos.

118 5235 265 5300 ebrietes.
280 5239 316 5299 lu
338 5237 385 5299 bis
403 5239 519 5321 quippe
539 5256 602 5301 uon
620 5240 758 5302 defertur
777 5237 874 5300 actori
927 5241 1024 5302 -VL
1037 5238 1298 5318 Quodsemiplene
1308 5233 1484 5317 probaverit
1491 5233 1696 5295 intentionem

116 5327 698 5412 juramentuminsnpplementumlicet
706 5331 875 5410 semiplene
929 5332 1151 5397 suam-VII.
1164 5327 1696 5411 09911119999919199999991191199

122 5423 314 5499 probaverit:
336 5429 476 5507 quemvis
496 5428 653 5491 interdum
672 5425 770 5506 possit
786 5427 875 5506 juro·
928 5426 1127 5507 peraliquam
1136 5419 1481 5506 presumptionem,vel
1490 5419 1698 5499 suspicionem

121 5522 254 5584 mantum
276 5518 391 5583 deterri
411 5537 466 5584 reo
486 5521 527 5586 ad
546 5521 768 5587 ostendendam
786 5537 876 5584 suam
930 5519 1129 5584 contrariam.
1145 5517 1269 5580 -11111,
1285 5515 1375 5588 Quod
1388 5532 1451 5576 non
1465 5514 1506 5577 sit
1518 5512 1699 5577 conclusum

330 5645 365 5692 nt
1452 5625 1489 5684 13
