4080 6064
273 207 321 272 te
432 209 503 272 LlB.
526 211 562 276 ll.
583 210 792 274 Ducuntur..
818 212 889 274 til.
912 212 976 273 XX.
998 209 1249 310 tulissemus
1270 209 1319 272 ΕΤ
1338 208 1696 273 ΑΉῈὸΤΑΤΙΟΝῙΒΗὸ.

314 351 385 415 ὅθι
401 348 501 425 Semo,
516 343 736 428 qamabjuoea
752 345 889 427 puteali
904 345 1040 428 pariibm
1092 342 1295 427 probatores
1308 341 1359 404 cit.
1374 343 1447 404 nul.
1463 340 1500 404 dc
1519 340 1623 406 Testib.
1645 341 1708 404 iun:
1739 365 1754 403 o
1776 345 1815 408 lit
1835 347 1863 408 si

276 442 392 508 retiam
405 441 602 525 musitasse,
617 439 664 502 ccl
674 439 740 522 pais
752 459 800 504 eas
812 441 969 518 sndtrucit,
984 450 1036 504 stc.
1093 437 1191 504 semel
1204 437 1380 518 producens
1393 441 1500 515 testes,
1516 439 1572 500 aut
1584 437 1643 504 bis.
1658 460 1673 498 n
1696 445 1757 503 eto.
1778 441 1861 504 Nam

274 532 686 612 *licostrauermquaudo
696 530 793 611 iudex
806 533 947 614 partibus
960 551 1041 613 pna-
1094 533 1186 597 etiam
1207 538 1281 594 tunc
1302 531 1408 594 subest
1431 530 1604 614 periculum
1628 532 1863 598 subornationis

275 631 430 702 senibus,
440 625 614 694 usatites
632 631 664 688 et
683 625 884 692 audientibus
899 627 1041 706 prelegit
1092 628 1230 702 testium,
1245 627 1320 688 dnm
1336 626 1388 706 qui
1402 624 1565 688 testificata
1579 625 1644 705 jam
1663 625 1782 707 didicit,
1806 647 1866 709 per

276 725 401 789 testium
414 720 720 801 depatrissantem
733 719 861 784 indubie
875 726 1043 784 censentur
1090 722 1163 802 jura
1175 714 1327 782 hactenus
1349 719 1501 800 allegats;
1522 721 1629 798 sicque
1649 738 1714 782 non
1731 729 1865 802 possunt

276 837 295 882 a
309 817 449 900 partibus
461 813 624 878 testificata
637 811 772 888 didicita,
795 815 958 898 scoplano
970 833 1042 896 per-
1094 815 1146 878 alii
1159 817 1255 877 testes
1268 811 1408 892 produci,
1424 815 1479 875 eut
1492 812 1669 892 reprodnoi.

276 917 376 994 cepta.
392 907 717 983 Eiidem-dicendum,
732 909 858 988 quando
872 911 941 990 quis
957 912 1043 974 ten
1133 914 1203 975 459.
1219 909 1264 972 Et
1274 907 1326 970 iac
1338 907 1513 989 reputas-iter
1527 907 1676 990 loquenda,
1691 927 1727 971 ac
1738 909 1866 990 dempn‘s

276 1005 377 1072 boeto
391 1003 561 1079 subtraxit,
593 1002 644 1066 sel
666 1019 765 1083 penes
792 1003 965 1080 notarium,
987 1009 1042 1068 aut
1094 1002 1181 1066 certis
1194 1001 1316 1066 candus.
1332 1000 1702 1084 asennaa-lutetiae
1716 1003 1864 1086 raparum·

276 1100 371 1164 aliam
397 1112 564 1180 personam
591 1093 757 1162 existentia
786 1095 928 1175 periente
947 1098 1039 1178 legit,
1095 1106 1140 1160 ter
1161 1089 1310 1178 loquendo,
1335 1113 1372 1158 ac
1394 1096 1528 1174 demptis
1550 1095 1642 1157 certis
1665 1097 1805 1176 casibus,
1831 1097 1865 1158 in

277 1213 343 1276 arg.
361 1212 389 1256 o.
408 1191 494 1256 urae
513 1191 641 1254 tertiam.
662 1192 711 1254 53.
735 1190 767 1252 lr.
793 1195 816 1252 t.
838 1189 894 1252 Vel
916 1191 1044 1270 quanda
1096 1193 1208 1272 quibus
1222 1191 1316 1254 etiam
1338 1193 1408 1270 post
1425 1190 1666 1271 publicationem
1689 1193 1864 1257 attestatio-

276 1285 354 1354 auos
366 1283 434 1348 hac
447 1297 545 1363 penes
556 1282 657 1361 ipsum
670 1284 790 1360 aperta,
800 1299 856 1344 scu
871 1281 1042 1361 desigillata
1095 1304 1182 1362 num,
1199 1290 1252 1345 ant
1266 1283 1391 1348 didicite
1410 1289 1564 1358 euastata,
1579 1284 1641 1346 imo
1655 1291 1770 1366 etpost
1788 1304 1865 1348 con-

277 1380 475 1462 reperiuntur
495 1395 503 1438 :
535 1375 734 1456 presumitur
764 1375 849 1438 enim
880 1377 1042 1440 testificata
1095 1377 1266 1440 elusionem
1279 1377 1311 1437 in
1326 1395 1430 1456 muso,
1446 1396 1538 1468 posse
1552 1395 1648 1440 noras
1661 1379 1866 1459 probationes

278 1471 461 1554 paplegisse,
475 1468 582 1548 sicque
597 1467 758 1542 didicisse3
781 1468 841 1538 nisi
860 1468 965 1532 forsan
986 1487 1044 1550 op·
1095 1472 1203 1551 recipi,
1216 1477 1373 1550 testesque
1387 1471 1515 1551 produci
1530 1478 1584 1534 eut
1602 1473 1776 1556 reprensa,
1796 1476 1863 1554 J'arn

276 1565 412 1648 pinsitum
435 1561 558 1642 probari
581 1565 698 1642 posset,
723 1580 752 1625 s.
776 1581 809 1643 p.
833 1579 872 1624 ar
895 1581 933 1624 eo
958 1564 1042 1643 qaod
1095 1565 1211 1628 dictum
1225 1571 1273 1629 cst
1287 1585 1382 1644 supra
1395 1567 1442 1630 tit.
1458 1567 1669 1646 preced.§6.
1685 1585 1718 1631 n.
1742 1572 1812 1632 sei.
1830 1573 1864 1632 et

277 1660 489 1724 aaronem
506 1673 604 1740 penes
618 1655 720 1734 ipsum
733 1657 928 1735 reperiantur
940 1656 1042 1722 adhuc
1095 1679 1182 1740 seqq.
1200 1668 1231 1724 et
1243 1679 1274 1722 n.
1294 1661 1361 1723 tua.
1378 1665 1409 1723 ct
1422 1678 1508 1740 seqq.
1532 1661 1593 1724 Sed
1615 1660 1655 1723 de
1679 1663 1727 1726 bis
1750 1663 1792 1725 ibi
1816 1664 1866 1738 ιιί-1

278 1755 411 1826 clausae,
441 1758 471 1816 et
491 1769 556 1815 non
578 1748 761 1824 disiqilletse.
787 1749 965 1813 Farineeius
988 1751 1038 1815 cit.
1095 1754 1217 1830 dentur,
1232 1753 1292 1830 vel,
1308 1753 1334 1814 si
1349 1753 1510 1832 placuerit,
1525 1752 1647 1828 leuatur
1659 1753 1794 1836 Prosper
1807 1757 1865 1819 Pa·

278 1853 387 1928 qursst.
403 1849 453 1910 id.
470 1866 501 1908 ιι.
515 1846 566 1909 ss.
582 1843 688 1919 etalii,
710 1861 788 1924 qnos
810 1845 934 1922 copiose
955 1846 1039 1910 urat.
1095 1847 1279 1911 rinaciusde
1294 1845 1398 1910 Tertii.
1422 1853 1531 1925 quest.
1556 1851 1607 1910 75.
1632 1867 1663 1909 ιι.
1687 1852 1737 1912 98.
1761 1867 1865 1930 usque

316 1943 386 2004 ibi.
411 1939 483 2004 Post
510 1937 735 2020 publicationem¹
757 1937 986 2018 attestationum,
1014 1947 1043 2002 ct
1095 1943 1136 2006 ed
1149 1961 1181 2004 n.
1198 1943 1267 2006 ssu.
1284 1940 1337 2002 ubi
1352 1939 1513 2022 nonginta
1526 1943 1646 2022 septem
1659 1942 1738 2004 tales
1750 1943 1867 2006 limita-

277 2031 751 2115 didicitatsstrsscataneqoitpars
759 2050 845 2114 super
853 2031 1043 2097 eisdemarti·
1094 2036 1196 2101 nones
1210 2035 1346 2098 adducit.

277 2129 350 2194 colis
362 2127 552 2212 rapmdncsre
562 2126 679 2208 priores
693 2131 783 2196 intes.
810 2145 862 2190 arco
880 2127 952 2190 alios
972 2147 1044 2208 pno-
1134 2133 1205 2192 tto.
1221 2129 1258 2192 In
1272 2146 1357 2190 causa
1370 2127 1586 2210 appellationis,
1601 2148 1640 2191 an
1657 2137 1723 2209 past
1741 2129 1865 2194 didiaita

277 2223 380 2288 nana
389 2241 402 2300 ;
415 2232 443 2286 et
455 2223 531 2285 aa?
543 2253 585 2270 -
601 2221 694 2300 llesp.
713 2221 750 2284 ll.
770 2219 844 2284 Post
860 2221 1045 2299 publicatio·
1096 2223 1250 2304 testa'fioata
1262 2221 1508 2304 peremptiores,
1530 2219 1577 2283 nel
1594 2221 1664 2283 nani
1684 2231 1764 2284 testes
1790 2243 1863 2304 prn-

277 2335 350 2381 usm
364 2316 607 2389 attestationum,
623 2320 654 2378 et
672 2314 765 2377 dicits
782 2315 956 2388 testificata,
978 2334 1042 2380 uon
1095 2317 1174 2381 duci.
1189 2315 1383 2378 -Procedit
1403 2315 1532 2394 iusuper
1552 2314 1624 2376 deta
1647 2315 1805 2377 conclusio
1828 2315 1862 2376 in

278 2414 467 2491 potestpars
480 2406 1042 2488 supercisdemerdoulis,veldirecte
1096 2430 1193 2476 oense
1214 2409 1448 2492 appellationis:
1477 2426 1552 2469 nam
1580 2408 1675 2470 etiam
1696 2415 1771 2471 tunc
1793 2415 1867 2489 post

278 2503 452 2578 centrariis,
467 2501 674 2582 reproducere
688 2500 807 2580 priores
820 2506 925 2577 testes,
940 2519 1043 2581 neque
1096 2506 1266 2586 publicatas
1280 2510 1372 2567 antea
1389 2499 1627 2563 tactustestium
1640 2501 1863 2582 depositiones,
1941 2507 1948 2516 '

278 2594 355 2660 aiios
372 2611 468 2656 novos
482 2593 664 2673 producere.
679 2595 725 2656 lta
743 2592 850 2654 elassa
871 2611 898 2654 o.
923 2591 1044 2656 Frater·
1096 2596 1265 2660 etdidicita
1277 2593 1866 2674 testificata,nonpossuntarnpliussu·

278 2689 391 2752 ιιιιαιιι.
408 2691 439 2765 t.
454 2687 558 2751 Nouii.
577 2689 609 2750 et
629 2685 734 2748 Abbes
754 2685 830 2750 ibid.
852 2705 884 2750 n.
906 2691 937 2750 l.
960 2686 993 2749 h.
1018 2692 1040 2748 t.
1096 2710 1153 2772 per
1166 2692 1297 2770 eisdem,
1319 2689 1369 2754 vel
1392 2688 1507 2751 directo
1531 2687 1693 2750 contrariis
1714 2687 1864 2762 articulis,

277 2782 524 2846 Farinaeiuscit.
540 2785 650 2860 quaest.
664 2781 715 2842 ro.
731 2795 763 2840 n.
779 2781 830 2844 68.
851 2784 883 2844 et
902 2797 1042 2842 commu·
1096 2787 1215 2867 priores
1229 2784 1278 2848 vel
1291 2783 1363 2846 novi
1379 2788 1473 2846 testes
1487 2781 1626 2860 produci.
1639 2781 1747 2842 Glossa
1761 2781 1795 2842 in
1809 2781 1864 2842 cit.

278 2873 336 2936 nis·
350 2873 523 2936 doctorum.
546 2874 647 2951 Atque
667 2869 749 2932 istud
768 2869 902 2934 habetur
920 2891 1045 2951 expres·
1096 2900 1124 2944 0,
1154 2878 1373 2942 Frumentis.
1403 2879 1436 2954 p.
1469 2875 1571 2938 Navia
1602 2882 1634 2938 et
1662 2873 1768 2936 abbas
1787 2875 1865 2938 ibid.

279 2967 390 3030 eumin
403 2967 497 3029 Auth.
512 2965 548 3028 dc
564 2961 694 3044 Testib.§
708 2964 782 3041 Quia
795 2965 990 3028 oero.collat.
1010 2971 1041 3029 Ἰ.
1095 2992 1129 3037 n,
1145 2975 1175 3035 3.
1190 2972 1223 3033 h.
1238 2973 1263 3035 t.
1285 2969 1428 3049 rejiciens
1447 2969 1634 3033 contrariam
1656 2967 1866 3048 quorumdam

279 3059 333 3122 ubi
359 3059 488 3124 diodus:
521 3081 538 3119 ί
563 3057 644 3122 Illud
669 3062 775 3122 iumen
796 3057 960 3121 indubium
982 3065 1041 3136 esi,
1096 3065 1277 3150 legistarum
1296 3061 1491 3124 sententiam.
1513 3061 1674 3139 Siquidem
1692 3061 1744 3123 o'it.
1765 3061 1863 3126 suth.

279 3153 398 3233 quinat
411 3153 556 3242 sisemel
578 3151 753 3232 producens
774 3155 881 3226 testes,
906 3159 961 3216 aut
981 3151 1041 3231 his,
1096 3160 1132 3223 de
1147 3157 1251 3222 Teani.
1266 3153 1868 3236 §oolavero‚·10qunurineisunan:et

280 3249 337 3310 mi
348 3243 578 3310 itflfiflfflfifflless
589 3245 767 3308 immitit
781 3243 824 3326 (id
838 3251 897 3319 081»
907 3244 1044 3326 (leserit)-
1097 3253 1175 3316 ratio
1189 3251 1418 3332 prohibitionis,
1434 3247 1657 3311 scilicet'timor
1670 3248 1868 3314 subornatio·

279 3335 416 3413 inritat
438 3337 571 3418 eproat
594 3337 713 3418 illoesa)
736 3339 791 3400 eut
811 3337 988 3400 adversario
1010 3339 1044 3400 in
1097 3347 1157 3416 nis,
1172 3363 1242 3427 que
1257 3343 1351 3406 estin
1368 3359 1464 3405 causa
1481 3341 1654 3422 principali,
1673 3343 1790 3422 pariter
1806 3343 1866 3404 mi-

279 3427 339 3492 lroo
352 3428 485 3492 faciente
499 3429 564 3508 ipse
578 3426 819 3508 disputationem
832 3431 996 3510 acceperit,
1013 3435 1045 3495 ct
1096 3440 1164 3503 litat
1192 3439 1224 3500 in
1250 3451 1344 3499 causa
1371 3432 1597 3516 appellationis.
1627 3433 1757 3514 Accedit
1784 3452 1867 3498 nora

279 3521 391 3586 0¹h⁰⁰
404 3521 546 3584 ffidissfllii
559 3521 733 3598 itiiffifflifls
750 3541 814 3586 uon
828 3523 955 3587 hebebit
976 3543 1042 3587 om·
1096 3529 1212 3594 decisio
1238 3527 1427 3609 apostolica,
1461 3543 1518 3588 seu
1544 3529 1649 3587 textas
1675 3530 1801 3606 apertas
1829 3526 1863 3589 in

280 3613 353 3676 nino
382 3613 540 3676 namnam
564 3615 662 3678 ullam
689 3618 818 3681 ulterius
846 3619 889 3681 uti
916 3618 1044 3683 testium
1097 3619 1537 3698 ulem2.h.t.uhiethajt1s
1557 3619 1635 3680 ratio
1653 3619 1787 3690 additur,
1802 3621 1865 3682 illis

280 3705 493 3786 productione.
508 3729 523 3766 ιι
541 3707 737 3772 concordant
749 3715 850 3772 textus
863 3709 896 3774 iu
910 3729 939 3774 c.
956 3711 1045 3775 Cons-
1097 3716 1214 3780 verbis:
1235 3736 1249 3773 a
1263 3714 1340 3776 Gom
1354 3730 1416 3774 non
1430 3711 1535 3773 minus
1544 3712 1577 3773 in
1591 3713 1863 3792 appellationibus,

280 3795 385 3860 litun.
400 3799 451 3860 lo.
463 3797 528 3860 aa.
538 3797 600 3861 ibi:
622 3801 874 3864 acumnondum
883 3803 1043 3866 testificata
1097 3827 1192 3890 (ριιιιιι
1206 3809 1238 3868 in
1252 3805 1412 3888 principali
1431 3821 1536 3876 causa,
1562 3803 1741 3866 subornatio
1766 3805 1805 3867 sit
1825 3806 1867 3868 ti·-

280 3889 463 3954 didinen‘nt:
495 3913 509 3949 a
542 3897 664 3971 sumpto
691 3902 875 3973 αιριιιιιοιιιιι
903 3913 923 3956 a
950 3914 1043 3959 seusu
1097 3898 1222 3962 manda.
1239 3919 1254 3956 ιι
1271 3895 1532 3976 Intelligetamen
1547 3893 1607 3956 hoa
1620 3895 1724 3974 ipsum
1742 3897 1867 3978 regula·

280 3983 447 4048 penuaria.
463 3985 537 4046 lito.
552 3983 607 4046 lia
620 3994 725 4048 tmere.
741 3988 792 4050 35.
811 3987 916 4066 juncta
936 3987 1043 4050 illoesa
1097 3993 1182 4072 riter,
1206 3991 1340 4072 demptis
1360 3990 1508 4052 nimirum
1531 3987 1665 4058 casibus,
1688 3989 1727 4051 de
1751 3990 1866 4070 quibus

280 4073 335 4138 fin.
351 4081 424 4138 etc.
445 4075 571 4140 Venostes.
587 4079 637 4140 38.
651 4078 670 4157 ᾗ
687 4076 766 4142 Pars
781 4088 887 4144 omen.
904 4085 954 4145 lo.
970 4083 1002 4145 h.
1019 4089 1040 4146 t.
1096 4105 1128 4150 n.
1145 4085 1279 4167 praeced.
1295 4081 1455 4146 remissive
1469 4081 1588 4144 dictum
1602 4081 1670 4144 init.

281 4185 353 4232 oum
366 4168 527 4230 similibus.
543 4169 671 4234 Accedit
678 4171 771 4234 ratim
784 4173 867 4252 quie,
878 4182 1044 4255 postquam
1136 4183 1205 4244 tel.
1226 4177 1322 4242 umor
1333 4175 1543 4240 subcmatanis
1556 4176 1669 4238 testium
1678 4175 1772 4258 inopis
1781 4184 1868 4257 supet

281 4278 354 4341 pars
378 4261 487 4324 didicit
511 4263 692 4344 testificata,
729 4265 834 4328 subest
871 4267 1044 4347 perieulum
1093 4282 1161 4356 post
1177 4258 1400 4356 publicationem
1421 4269 1633 4331 attestationum
1654 4288 1742 4351 quana
1766 4278 1864 4333 anna.

281 4353 511 4417 subornationis
524 4355 659 4431 testium,
675 4375 733 4420 seu
744 4377 786 4422 ne
799 4377 884 4441 pars,
901 4379 970 4441 que
984 4369 1046 4426 tes·
1096 4399 1136 4414 -
1149 4367 1249 4428 Dices.
1265 4365 1371 4426 Timor
1384 4360 1613 4424 subornationis
1626 4364 1754 4425 testium
1769 4363 1863 4427 etiarn

280 4451 328 4510 tes
346 4445 501 4526 produxit,
526 4466 580 4512 eos
600 4451 760 4526 subornat,
784 4469 821 4514 ao
844 4453 985 4527 instruat,
1010 4463 1045 4520 ut
1096 4465 1188 4540 urget
1201 4465 1273 4521 ante
1283 4457 1524 4538 publicationem
1533 4455 1866 4532 attestationum30um

280 4537 398 4618 aliquid
410 4539 538 4618 addant,
555 4541 603 4602 vel
618 4542 744 4605 demant
756 4542 848 4607 tactu
871 4563 935 4606 sun
948 4546 1044 4624 depo-
1096 4553 1213 4634 pariter
1225 4556 1318 4614 antee
1336 4568 1430 4630 super
1450 4567 1545 4611 causa
1563 4549 1725 4630 principali
1746 4553 1868 4632 possint

281 4631 403 4706 eitioui3
419 4637 690 4710 preutnatatarin
704 4637 801 4700 (ilem.
823 4641 852 4700 2.
877 4637 912 4700 de
937 4637 1041 4701 Tertii.
1096 4649 1192 4708 testes
1219 4643 1394 4718 subornari,
1424 4661 1489 4723 arg.
1519 4659 1546 4704 c.
1576 4641 1657 4705 Licet
1682 4663 1808 4706 cansam.
1832 4649 1864 4709 9.

317 4727 388 4790 att.
419 4725 552 4789 Etiamsi
581 4726 727 4794 didicisset
758 4729 912 4814 testificata
945 4732 1043 4794 statim
1096 4735 1449 4816 §Postioachrodat
1466 4739 1499 4798 et
1516 4733 1648 4828 spicat
1665 4734 1756 4798 nodis.
1778 4739 1808 4800 9.
1829 4737 1864 4800 h.

277 4827 344 4902 pan
356 4819 498 4902 primunr,
521 4819 567 4883 cel
583 4821 738 4886 sewndom
754 4823 967 4906 prodaotmem
989 4833 1044 4886 tes-
1096 4835 1120 4893 t.
1138 4848 1225 4911 ergo.
1242 4831 1338 4910 llesp.
1353 4847 1427 4911 neg.
1443 4833 1643 4908 consequent.
1660 4829 1748 4906 Ouia,
1765 4836 1799 4892 ut
1813 4849 1870 4892 no-

279 4914 521 4994 tiam-Atque
537 4913 603 4975 hera
617 4915 773 4978 conclusio
793 4934 856 4978 non
867 4918 1046 4997 solumpro·
1098 4927 1145 4987 tat
1156 4926 1251 4987 loen.
1268 4923 1408 4984 Andreas
1422 4923 1453 4983 in
1463 4922 1493 4983 d.
1506 4939 1534 4984 c.
1544 4921 1863 4985 Frateanitatisnffl.

279 5005 361 5068 cedit
383 5004 424 5068 ad
446 5006 678 5086 impediendum
700 5015 842 5089 quarum
868 5009 1045 5091 productio·
1099 5021 1132 5079 et
1145 5017 1253 5079 abbas
1266 5015 1341 5078 ibid.
1357 5033 1390 5076 n.
1406 5017 1435 5076 3.
1453 5015 1485 5076 h.
1501 5019 1524 5076 t.
1540 5021 1612 5076 aule
1626 5015 1867 5094 publicationem

278 5115 351 5160 uem
366 5099 499 5175 testium,
516 5099 555 5163 de
570 5117 631 5180 qua
649 5099 684 5162 tit
705 5089 821 5165 meina
844 5105 877 5165 iu
900 5123 927 5169 c.
957 5105 1044 5170 Ultra
1097 5109 1331 5172 attestationum
1342 5124 1406 5168 non
1420 5106 1526 5168 subest
1540 5112 1643 5169 tantus
1660 5107 1867 5169 timorsubcr-

279 5192 393 5254 tsrtiam
419 5197 470 5256 55.
500 5193 531 5256 h.
557 5201 580 5258 t.
604 5193 660 5257 sed
684 5195 778 5256 etiam
801 5195 904 5260 locum
926 5199 1041 5279 hebet,
1096 5203 1231 5264 nationis
1249 5203 1387 5276 testium,
1413 5205 1548 5280 quantus
1566 5207 1686 5280 postea.
1706 5200 1866 5280 Siquidem

276 5285 401 5366 quando
415 5288 484 5366 quis
496 5295 567 5367 post
581 5288 715 5369 primam
727 5289 802 5367 jam,
814 5288 1042 5357 velsecnndam
1098 5313 1171 5375 pars
1186 5293 1394 5356 verisimiliter
1406 5299 1500 5355 antea
1515 5295 1628 5372 sperat,
1649 5309 1683 5354 se
1703 5309 1795 5372 posse
1818 5293 1867 5354 in-

276 5377 400 5441 testium
420 5379 654 5459 productionem
673 5381 837 5446 testificata
855 5383 972 5459 didicit,
1002 5387 1042 5446 ut
1096 5385 1268 5450 mationem
1282 5403 1371 5447 suern
1384 5385 1517 5466 probare
1530 5403 1587 5466 per
1608 5388 1713 5458 testes,
1737 5383 1785 5446 vel
1808 5385 1866 5446 ad-
