4008 6074
305 278 364 341 302
469 273 539 336 LlB.
562 276 596 337 11.
620 221 829 336 uetuerit.
850 275 920 334 TIT.
944 273 1060 336 XXVII.
1082 275 1132 337 DE
1153 275 1362 338 SENTENTIA
1383 275 1432 338 ΕΤ
1451 275 1501 338 RE
1521 273 1716 346 JUDlCde.

345 408 413 468 ild.
440 405 485 467 Et
505 405 655 488 cepondo,
679 423 738 468 esse
764 403 1008 467 ccudeuacocdum
1035 406 1066 467 ic
1114 395 1241 468 'domum
1255 407 1499 472 concordantium.
1522 407 1663 490 Elquid,
1678 409 1705 470 u'
1716 427 1811 473 omues
1828 417 1876 472 tres

304 498 435 580 expensis
449 497 562 580 quaudo
575 497 724 558 succubuit
737 515 775 558 ea·
793 498 874 558 uocet
883 497 1067 579 pcotutioui-
1119 499 1291 574 abactae,
1307 519 1334 561 o.
1350 501 1687 584 ministrandumque
1704 502 1877 584 qcmutitote?

306 594 357 656 tna
381 611 435 674 pcc
460 592 657 674 appellantem
679 591 841 674 producto.
858 623 898 639 -
920 595 954 654 ln
968 594 1066 655 altero
1120 593 1295 655 Concordat
1313 611 1381 673 cap.
1404 611 1427 656 1.
1447 593 1483 656 de
1501 594 1643 661 Arbitrio.
1666 595 1719 656 ubi
1733 595 1876 657 extribus

305 705 391 762 casu,
406 703 461 748 seu
483 685 625 766 quando,
641 686 815 768 appellatus
835 686 1008 749 succumbit
1028 703 1067 748 ex
1119 685 1242 746 arbitris
1256 687 1372 764 electis,
1389 688 1536 750 standum
1559 687 1738 750 decernitur
1760 693 1878 750 senten·

304 779 393 842 nouis
407 779 641 859 probationibus
660 797 716 858 per
729 778 938 860 appellantem
952 779 1068 860 produ·
1119 777 1170 840 tiae
1198 779 1330 840 duorum
1357 779 1635 842 concordantium:
1663 783 1696 843 et
1721 781 1746 842 si
1773 796 1876 843 omnes

306 875 372 948 ctis,
387 876 530 936 asserunt
544 873 686 936 doctores
700 871 907 954 praelegat,
924 871 1036 952 quodf
1052 905 1067 920 ·
1119 877 1183 932 tres
1198 870 1386 948 discordent,
1396 879 1472 955 pata
1481 873 1513 934 in
1524 873 1658 935 taxanda
1668 874 1772 953 aliqua
1785 891 1878 954 quan·

306 967 417 1030 cienda
439 967 478 1029 sit
500 966 712 1046 compensatio
731 983 957 1046 expensarum
976 967 1066 1028 adeo·
1119 963 1206 1026 tituto
1221 966 1410 1045 pecuniaria,
1428 964 1582 1029 obtinebit
1595 983 1667 1046 pars
1679 967 1821 1038 minima,
1835 968 1878 1027 ut·

305 1080 365 1142 que
393 1060 565 1140 appellatus
586 1060 791 1120 succumbens
811 1059 902 1120 euitat
920 1059 1067 1121 condem·
1119 1061 1192 1134 pote
1215 1058 1248 1117 in
1266 1075 1329 1137 qua
1346 1074 1456 1120 omues
1470 1057 1670 1136 concordant,
1686 1075 1755 1136 cap.
1770 1076 1794 1120 1.
1811 1057 1875 1118 eod.

304 1154 462 1217 nationem
472 1153 503 1213 in
512 1168 673 1233 expensas.
684 1150 772 1215 Ratio
783 1151 971 1231 disparitatis
987 1153 1067 1215 inter
1120 1149 1152 1210 in
1178 1154 1208 1212 6.
1238 1155 1347 1229 estque
1373 1152 1436 1231 jam
1462 1152 1581 1214 dictum
1604 1169 1698 1232 supra
1719 1151 1773 1212 lib.
1793 1151 1819 1213 1.
1834 1151 1873 1212 tit

306 1247 398 1322 bunc,
421 1245 609 1325 et·priorem
632 1263 738 1307 casum
761 1251 831 1307 est:
858 1243 930 1324 quia
950 1245 1067 1305 hicba-
1119 1242 1216 1304 XLlll.
1241 1241 1277 1304 de
1293 1243 1435 1320 Actum,
1455 1245 1473 1325 5
1497 1249 1527 1308 ι.
1541 1263 1574 1305 ιι.
1590 1247 1640 1306 ιιι.
1656 1248 1689 1308 et
1701 1247 1750 1307 52.
1765 1246 1877 1307 Varum

304 1341 374 1403 buit
386 1337 560 1420 appellatus
576 1337 783 1418 ignorantiam
804 1335 877 1398 lacti
893 1339 969 1416 (non
982 1339 1066 1400 enim
1119 1334 1275 1414 loquendo
1297 1336 1336 1397 de
1355 1336 1477 1400 duobus
1497 1337 1650 1418 judicibus
1670 1337 1877 1400 concurrenti·

305 1435 405 1514 potuit
431 1430 599 1512 previdere
626 1449 723 1492 novas
750 1431 963 1510 probationes,
989 1450 1017 1493 v.
1033 1449 1064 1513 g.
1119 1427 1273 1504 bus,etin
1284 1430 1452 1511 judicando
1467 1431 1726 1514 discordantibus,
1739 1429 1877 1510 specialis

305 1547 361 1610 per
374 1528 579 1590 iustrumenta
594 1525 633 1588 ds
651 1543 732 1586 novo
747 1532 886 1605 reperta,
902 1525 943 1587 ab
963 1527 1068 1606 appel·
1121 1525 1167 1584 est
1178 1521 1360 1599 difficultas3
1377 1541 1448 1605 quae
1463 1525 1535 1605 quia
1549 1542 1618 1605 cap.
1634 1523 1693 1588 ult.
1709 1515 1740 1586 ιι.
1757 1529 1779 1586 ι.
1796 1539 1878 1604 repe·

304 1627 387 1686 lanta
401 1621 577 1701 productas,
594 1620 741 1682 cum'sint
764 1617 839 1699 quid
857 1620 944 1700 facti)
966 1627 996 1681 et
1010 1638 1067 1684 ca·
1120 1617 1197 1680 nitur
1223 1617 1347 1695 decisa,
1380 1620 1465 1682 baud
1488 1621 1643 1681 immerito
1666 1637 1722 1699 pru
1749 1618 1877 1698 comple-

304 1714 446 1794 teroquin
467 1713 613 1776 habuisse
636 1711 835 1794 presumitur
852 1714 970 1792 justam
993 1733 1067 1777 cau·
1120 1714 1225 1772 mento
1266 1713 1427 1792 presentis
1463 1712 1544 1776 tituli
1571 1729 1654 1775 nunc
1675 1711 1873 1793 proponitur:

303 1827 369 1871 sam
383 1808 534 1890 litigandi,
552 1809 645 1870 etiam
659 1807 798 1888 agnitam
812 1825 831 1868 a
851 1808 957 1886 judice
980 1827 1067 1890 oquc
1121 1803 1215 1866 unde.

303 1902 336 1963 iu
349 1901 487 1962 latorem
500 1900 597 1980 ipsius
611 1899 729 1964 terente
748 1902 936 1963 senteutiam
953 1921 960 1964 :
976 1921 1067 1965 secus
1159 1899 1230 1959 ιιι.
1252 1897 1290 1960 Si
1301 1895 1357 1959 duc
1375 1897 1488 1978 judices
1499 1897 1646 1960 ordinasti
1655 1895 1804 1960 contructis
1816 1916 1877 1980 pre

304 1999 350 2056 est
363 1993 395 2054 in
408 1993 504 2073 priori
518 2011 605 2071 casu,
628 1994 682 2066 ,ubi
705 1993 871 2057 intervenit
893 1993 1068 2074 ignorantia
1120 1993 1276 2068 nuntient,
1311 1991 1394 2076 cujus
1427 1993 1574 2056 cententio
1599 2001 1642 2054 est
1672 1991 1877 2054 suctum?-

300 2087 389 2168 juris.
405 2087 498 2166 Atqui
515 2088 603 2167 juxta
621 2105 686 2168 reg.
705 2090 754 2149 td.
767 2087 830 2166 jur.
847 2087 878 2148 in
894 2091 924 2150 6.
949 2090 1068 2170 ulgno-
1120 2084 1212 2164 Resp.
1233 2087 1256 2148 ι.
1281 2085 1313 2147 Si
1335 2087 1397 2148 duo
1421 2085 1539 2165 iudices
1560 2085 1708 2148 ordinarii
1729 2086 1877 2149 contraria

302 2181 402 2243 rantis
415 2179 486 2242 tacti
496 2181 646 2260 conjurio
654 2187 790 2244 excusat.
799 2205 813 2242 ιι
828 2180 944 2258 abbas,
955 2183 1064 2256 tason,
1119 2179 1333 2257 pronuntiant,
1348 2185 1434 2243 tanet
1457 2183 1611 2244 sententia
1629 2181 1694 2244 lata
1716 2199 1774 2261 pro
1801 2197 1873 2242 reo:

304 2275 421 2350 linitus,
437 2273 490 2336 ubi
506 2293 609 2354 supra,
626 2293 697 2336 cum
711 2276 791 2350 aliis,
807 2293 885 2356 quos
899 2277 1043 2358 allegam.
1120 2277 1328 2352 preterquam
1341 2273 1373 2333 in
1387 2291 1481 2335 causa
1494 2271 1666 2336 favorabili.
1683 2274 1728 2336 lta
1743 2289 1877 2334 eommu-

341 2371 410 2432 att.
434 2368 471 2431 Ic
489 2368 583 2450 proci
596 2369 705 2450 judicis
724 2370 846 2432 arbitrio
872 2369 1063 2453 relinquitur,
1118 2363 1186 2437 nis;
1203 2370 1313 2444 6816116
1328 2383 1510 2449 expressum
1524 2365 1554 2428 d·
1575 2383 1643 2446 0⁸1³·
1666 2366 1723 2428 ull·
1743 2366 1837 2446 §lb
1852 2369 1875 2428 i·

303 2445 403 2524 iubam
416 2461 581 2544 appellatus
594 2463 728 2527 deducit
743 2465 858 2546 justum
871 2483 987 2528 causum
1007 2464 1067 2526 liti-
1119 2457 1179 2520 illis
1193 2459 1320 2521 verbis:
1342 2481 1357 2518 ιι
1370 2460 1498 2522 Duobus
1517 2459 1685 2542 judicibus,
1706 2465 1742 2524 ut
1763 2461 1879 2541 accepi-

301 2555 401 2639 pondi.
418 2587 458 2603 -
469 2556 504 2619 ln
518 2557 605 2636 praxi
620 2563 744 2634 tamen,
767 2562 872 2623 utrum
893 2559 1066 2640 appellatus
1120 2569 1202 2627 mus,
1218 2552 1355 2616 diversas
1370 2553 1537 2616 sententias
1551 2554 1791 2636 proterentibus,
1805 2556 1829 2618 u
1842 2573 1877 2616 ex

302 2649 444 2713 hahuerit
462 2650 578 2729 justam
601 2669 729 2714 oausam
749 2651 889 2734 litigandi
904 2671 999 2734 super
1012 2671 1066 2716 ne·
1117 2642 1332 2722 jurisdictiffle
1355 2645 1511 2709 ordinaria
1538 2651 1770 2727 processerunt,
1798 2651 1879 2710 tenet

301 2743 384 2824 gotio
399 2743 569 2824 principali,
586 2751 616 2806 ct
633 2745 860 2825 appellationis,
884 2745 1066 2826 relinquen.
1118 2757 1175 2820 pro
1189 2757 1254 2815 reo,
1271 2757 1334 2802 non
1360 2758 1417 2821 pro
1439 2748 1545 2805 actore
1568 2742 1730 2830 sententia
1740 2759 1748 2802 :
1773 2741 1831 2802 nisi
1849 2742 1877 2803 iu

301 2839 379 2900 dum
392 2855 460 2898 esse
475 2837 612 2916 arbitrio,
629 2838 846 2903 etdiscretioni
856 2840 985 2916 iudicis,
996 2859 1067 2903 cen·
1118 2853 1214 2898 causa
1225 2835 1397 2911 favorabili,
1413 2841 1489 2918 puta
1501 2837 1711 2913 matrimonio,
1726 2837 1877 2902 libertate.

302 2938 349 2994 sat
361 2930 466 2992 Abbas
480 2931 531 2994 cit.
547 2949 579 2992 n.
595 2935 645 2995 ts.
669 2939 700 2994 et
714 2931 839 3008 Baldus,
857 2933 888 2994 in
901 2935 924 2996 ι.
942 2932 1066 2998 Genera-
1119 2929 1210 3009 dote,
1230 2947 1287 2992 seu
1309 2935 1514 3005 testamento,
1537 2949 1594 3012 pro
1617 2931 1685 3011 ipsc
1708 2930 1802 2994 luerit
1814 2949 1879 3011 pro-

302 3025 378 3087 litec.
393 3025 412 3104 ξ
426 3023 673 3106 Scdjucomentc.
690 3043 718 3088 c.
735 3025 770 3088 dc
783 3025 878 3088 Rebus
892 3027 994 3091 credit.
1008 3027 1067 3090 Cu·
1119 3025 1268 3105 mulgata.
1283 3045 1299 3084 ι
1322 3024 1379 3090 Ubi
1399 3029 1505 3088 tamen
1520 3026 1635 3101 totas,
1650 3024 1684 3086 in
1698 3025 1875 3089 Summotis.

298 3117 351 3197 jue
377 3115 554 3198 opinionem
576 3116 688 3198 (inquit
715 3117 831 3196 Gallus,
849 3119 880 3182 d.
901 3119 1063 3183 Observat.
1121 3125 1152 3182 et
1165 3115 1313 3196 Barbam,
1329 3137 1362 3179 n.
1380 3121 1407 3180 ι.
1424 3122 1456 3181 et
1468 3123 1498 3182 ι.
1510 3117 1596 3181 addit
1607 3118 1650 3199 ly,
1664 3137 1765 3182 ccum
1779 3117 1877 3180 simili-

303 3215 371 3276 tte.
387 3229 419 3272 n.
441 3211 486 3290 5.)
508 3216 540 3273 ut
564 3210 732 3292 plurimum
752 3229 877 3273 samem
901 3213 1063 3294 sequitur:
1118 3213 1177 3275 bus
1191 3233 1206 3270 ιι
1224 3211 1235 3290 l
1246 3210 1404 3294 intellige)
1418 3213 1518 3274 causis
1541 3212 1779 3288 favorabilibus,
1793 3215 1875 3293 puta,

307 3327 321 3364 ι
335 3311 365 3366 et
379 3303 586 3368 communiter
605 3306 825 3368 succumbente
850 3307 1016 3387 appellato,
1031 3309 1065 3370 fit
1119 3307 1348 3386 alimentorum,
1361 3309 1431 3369 etin
1447 3327 1539 3370 causa
1553 3307 1637 3370 fisci:
1654 3325 1728 3370 uam
1742 3307 1777 3368 in
1789 3304 1878 3367 dubio

302 3415 507 3479 expensarum
522 3399 748 3479 compensatio;
768 3401 859 3476 adeo,
875 3408 985 3463 utnon
998 3419 1066 3463 me·
1118 3417 1242 3481 semper
1255 3419 1312 3481 pro
1325 3401 1373 3462 his
1387 3401 1517 3465 terenda
1531 3407 1579 3464 est
1592 3402 1759 3464 sententia.
1773 3401 1807 3463 ln
1821 3417 1877 3461 aas·

302 3493 445 3556 minerim
473 3493 562 3568 aliter
588 3493 829 3555 observatam.»
860 3495 933 3558 Haec
948 3495 1063 3558 Gallos.
1118 3493 1310 3557 temnentem
1333 3495 1435 3557 causis
1458 3495 1583 3576 eligitur
1605 3495 1656 3557 via
1671 3493 1876 3567 lavorabilior,

305 3588 422 3650 Similia
444 3586 682 3649 babet‘Henric.
705 3590 864 3665 Temmen,
886 3587 939 3651 ubi
959 3607 1063 3671 supra,
1119 3591 1282 3650 attenuat
1309 3589 1462 3651 sententia
1488 3607 1544 3670 pro
1568 3605 1633 3664 reo,
1655 3607 1718 3650 non
1739 3605 1811 3650 vero
1825 3605 1879 3666 pro

303 3683 802 3760 cap.s111.sect.,t.n.26ett't.
1119 3686 1224 3742 actore
1246 3699 1253 3742 :
1283 3699 1358 3743 uam
1389 3703 1406 3742 c
1427 3681 1660 3745 favorabiliores
1687 3682 1733 3744 rei
1760 3680 1878 3762 potius,
1990 3747 1991 3768 χ

342 3777 412 3836 sta.
435 3771 474 3836 Si
485 3773 587 3856 plures
600 3773 715 3855 judices
728 3785 913 3846 concurrunt.
929 3775 1064 3839 claudum
1119 3793 1215 3855 quam
1228 3779 1348 3838 actores
1363 3775 1536 3851 habentur,
1553 3797 1569 3834 c
1587 3775 1630 3837 uti
1646 3774 1757 3838 dicitur
1775 3776 1795 3836 l.
1820 3774 1881 3836 Fo-

302 3874 344 3928 ιιι
357 3866 467 3948 mojori
476 3867 560 3948 pacti
570 3867 806 3930 concordantium
820 3869 850 3930 iu
864 3870 991 3934 camden
1004 3890 1066 3932 sec·
1118 3867 1315 3932 amabiliores.
1339 3869 1373 3932 ιι.
1398 3869 1435 3932 de
1458 3868 1531 3952 ιιι.
1541 3868 1610 3950 jur.
1626 3868 1736 3948 juncta
1748 3887 1813 3950 reg.
1831 3871 1876 3930 ιι.

305 3960 431 4022 tentiam.
447 3993 487 4008 -
505 3961 659 4032 Quaeritur
677 3962 726 4024 vt.
743 3963 822 4035 Quid
840 3963 1005 4026 dicendum
1026 3964 1066 4026 de
1120 3962 1189 4026 eod.
1208 3963 1241 4024 iu
1254 3967 1284 4026 6.
1304 3982 1376 4026 cum
1390 3963 1553 4026 similibus.

305 4053 475 4132 sententie,
505 4073 561 4135 per
587 4055 666 4116 duos
690 4057 811 4136 judices
829 4057 984 4120 contraria
997 4075 1067 4138 pro-
1158 4059 1229 4120 eta.
1252 4057 1297 4120 m
1315 4055 1387 4142 quid
1400 4056 1553 4139 cqecdum,
1569 4055 1667 4119 aduc
1681 4053 1795 4138 jadus
1807 4053 1880 4120 dcte-

304 4147 482 4210 nuntiantes
497 4148 595 4212 datist
610 4149 647 4210 Et
669 4149 794 4212 additur
806 4153 961 4226 notanter,
980 4168 1067 4231 uper
1118 4150 1184 4233 poti
1201 4149 1362 4214 discordent
1381 4153 1411 4212 ιἰι
1435 4149 1708 4214 rmteuttbudcl-
1729 4151 1820 4233 Resp.
1843 4153 1878 4213 ιι.

304 4241 383 4303 duos
406 4239 665 4321 judicassem
687 4243 713 4305 si
736 4245 841 4325 plures
861 4245 981 4323 judices
995 4262 1067 4306 con·
1119 4243 1208 4316 Quod
1229 4244 1255 4303 si
1275 4245 1338 4304 duo
1357 4233 1479 4323 judices
1495 4243 1638 4325 delegati
1657 4245 1833 4306 discordent
1849 4245 1878 4304 in

305 4336 717 4415 currant,selasaumautur,
729 4337 942 4416 praesertimiu
955 4336 1065 4418 impari
1119 4335 1347 4412 sententiando,
1368 4342 1443 4399 tunc
1463 4338 1611 4418 delegans
1632 4341 1680 4398 cst
1705 4336 1878 4411 adeundus,

305 4445 445 4506 numero,
469 4431 615 4494 standum
638 4437 685 4495 est
704 4432 815 4513 majori
841 4433 921 4513 parti
940 4450 1065 4494 concor·
1121 4435 1154 4494 ut
1167 4431 1233 4510 lpse
1246 4431 1427 4508 pronuntiet
1440 4429 1654 4512 proaltemtra
1663 4432 1879 4511 parte,sicque

305 4521 445 4584 dantium
471 4524 503 4584 in
530 4526 672 4587 eamdem
696 4525 903 4603 senteutiam
926 4533 960 4590 ut
973 4527 1066 4590 tradit
1119 4543 1157 4590 ex
1170 4525 1238 4605 ejus
1252 4523 1378 4588 arbitrio
1393 4524 1510 4606 pendet
1526 4524 1689 4588 sententia.
1704 4525 1817 4586 Tantus
1835 4529 1880 4586 est

306 4615 423 4692 Glossa,
440 4617 646 4681 communiter
658 4627 800 4701 recepta,
816 4637 887 4702 cap.
911 4621 966 4685 ult.
983 4639 1062 4683 vers.
1119 4621 1151 4683 in
1165 4620 1215 4682 cit.
1232 4636 1302 4699 cap.
1325 4619 1416 4700 ult.§
1439 4619 1478 4683 Si
1489 4637 1563 4682 occo.
1584 4617 1617 4680 b.
1632 4624 1657 4680 t.
1672 4625 1704 4680 at
1717 4621 1739 4682 l.
1754 4618 1881 4701 baoja-

306 4705 443 4772 Diuersus
463 4709 494 4773 ιι.
518 4716 540 4772 ι.
565 4711 646 4773 istud
669 4712 855 4793 intelligens,
880 4714 943 4776 sira
962 4715 1066 4794 plures
1119 4711 1202 4792 dices.
1219 4711 1253 4774 ff.
1269 4711 1306 4774 de
1318 4711 1498 4794 dejudicat.
1517 4713 1571 4775 uni
1593 4712 1625 4773 in
1645 4712 1699 4774 tali
1719 4731 1792 4776 casn
1816 4730 1880 4775 res-

306 4804 481 4885 illijudices
504 4802 562 4868 siut
586 4806 747 4884 ordinarii,
763 4807 828 4870 siva
842 4807 986 4888 delegati,
1003 4808 1066 4870 siva
1118 4806 1285 4888 pandetur,
1321 4828 1336 4868 ι
1357 4814 1522 4887 utramque
1546 4809 1729 4869 sententiam
1752 4807 1783 4870 in
1804 4825 1881 4888 peu·

306 4899 424 4975 arbitri,
447 4915 517 4960 can.
543 4901 572 4962 t.
598 4904 629 4961 et
647 4903 679 4962 ι.
700 4900 769 4963 dist.
793 4903 844 4963 aa.
870 4904 902 4964 ct
914 4901 935 4962 l.
951 4900 1017 4964 duo
1030 4917 1068 4964 ec
1120 4901 1205 4965 denti
1219 4917 1299 4980 esse,
1311 4901 1410 4964 donec
1424 4906 1605 4981 competens
1616 4901 1714 4981 judex
1727 4902 1814 4982 (sire,
1826 4901 1879 4982 qui

307 4993 407 5058 tribus.
435 4993 468 5056 ιι.
497 4991 532 5056 de
558 4991 601 5056 lle
621 4993 752 5074 judicat.
782 4995 929 5075 idemque
956 4997 1067 5076 probat
1120 4996 1197 5058 alios
1211 4994 1374 5078 delegauit)
1388 5015 1484 5059 unam
1499 5015 1607 5059 earam
1620 4995 1875 5059 confirmaveritc

306 5087 453 5152 tantusin
467 5105 536 5170 cap.
560 5105 582 5151 1.
609 5086 651 5149 lle
671 5085 716 5149 tis
735 5106 801 5171 que
820 5088 898 5171 fiunt
919 5109 937 5151 o
957 5092 1063 5172 major.
1120 5089 1208 5154 Ratio
1236 5091 1422 5170 disparitatis
1449 5093 1531 5153 iuter
1559 5092 1658 5167 banc,
1688 5095 1720 5154 et
1744 5091 1878 5170 priorem

305 5191 383 5264 part.
401 5183 494 5263 capit.
515 5181 567 5243 ubi
586 5199 711 5261 semper
733 5186 896 5264 praevalet,
914 5203 1066 5266 suumque
1120 5185 1362 5262 conclusionem,
1387 5192 1460 5248 est:
1487 5187 1560 5266 quia
1582 5185 1717 5266 delegati
1739 5201 1801 5245 nou
1825 5185 1880 5245 ha·

237 5287 240 5296 ¹
308 5275 451 5339 ellectum
478 5276 687 5356 consequitur,
713 5277 796 5356 quod
816 5278 957 5359 amajori
973 5283 1005 5342 et
1018 5297 1068 5341 sa·
1119 5280 1195 5343 beut
1208 5279 1450 5359 jurisdictionem
1461 5280 1532 5360 jure
1547 5279 1684 5360 proprio,
1695 5279 1749 5340 scd
1761 5276 1880 5340 beneti-

308 5369 386 5432 niori
401 5374 487 5448 purte
501 5366 625 5450 capituli
640 5368 733 5430 tuerit
746 5371 957 5434 constitutum.
1121 5373 1168 5436 cio
1181 5373 1363 5454 delegantis,
1373 5377 1405 5436 et
1418 5375 1507 5453 cujus
1519 5375 1622 5435 locum
1636 5373 1876 5452 representem:

349 5465 417 5526 uto.
449 5461 503 5524 Ec
530 5461 621 5524 tribus
651 5461 771 5524 arbitris
801 5471 896 5525 statur
921 5465 1067 5528 sententio
1123 5467 1205 5530 unda
1218 5483 1300 5528 uuus
1314 5483 1421 5530 eorum
1435 5483 1499 5528 non
1516 5471 1617 5546 potest
1633 5464 1733 5526 subde
1752 5464 1819 5526 sine
1833 5463 1878 5526 al·
