4026 6054
295 275 353 338 lla
552 265 623 328 LIB.
644 265 694 326 lll.
716 262 924 326 DECRETAL.
951 263 1024 328 ΤΠ.
1044 265 1096 329 ΙΠ.“
1115 263 1168 328 bu
1186 260 1354 326 cucumis
1375 259 1618 328 contuentis.

293 402 342 464 vel
351 399 481 474 delictis,
489 381 569 460 trebi
578 413 642 457 non
651 395 770 475 possint
782 393 991 469 criminaliter,
1005 402 1060 459 aut
1113 395 1198 460 modi
1211 395 1538 476 claricoe'ccnjuga'tcs'
1551 396 1782 476 privilegiolori
1800 415 1884 478 gan·
2001 429 2002 496 p

294 493 419 558 civiliter
433 491 472 552 ad
488 490 640 570 judicium
661 487 810 552 seculare
827 515 834 552 ι
850 506 909 551 nec
926 489 967 551 ab
984 489 1061 569 ipsis
1112 490 1188 553 dere
1200 489 1352 552 duntaxat
1365 489 1397 550 in
1411 489 1887 565 eansis'criminclibns‚ndnau·
2001 509 2002 552 l

293 585 494 650 secularibus
509 583 668 664 judicibus
687 583 825 646 debeant
842 582 1058 663 personaliter,
1113 592 1176 649 tem
1190 583 1222 644 in
1236 581 1387 646 civilibus.
1403 583 1448 645 lta
1460 583 1552 646 loan.
1572 583 1714 645 Andrem
1731 602 1803 666 cap.
1824 603 1882 646 nn.

292 681 343 745 vel
365 681 458 743 eiiam
480 677 677 760 peculiariter
703 675 756 758 (ne
778 695 836 758 por·
857 695 954 738 unam
977 677 1061 740 riam
1112 697 1145 740 ιι.
1160 683 1192 742 Ξ.
1208 683 1240 740 ct
1256 676 1392 738 Barbcsa
1405 675 1481 738 ibid.
1495 694 1528 738 n.
1544 680 1575 740 8.
1591 685 1623 741 et
1639 681 1670 741 e'.
1691 679 1725 740 h.
1743 684 1767 741 t.
1789 680 1825 740 in
1844 683 1883 752 6;

170 785 174 792 ’
293 773 482 838 concedatur
495 769 624 844 eisdem,
644 770 728 852 qrrcd
744 788 802 850 per
817 771 910 831 aliam
923 769 1061 850 denego·
1115 774 1219 836 Abbae
1242 791 1270 835 c.
1297 770 1436 834 Jocuuer:
1453 789 1488 830 n.
1511 774 1537 832 3Ι
1554 771 1587 834 b.
1615 777 1653 846 t.;
1669 774 1885 856 'communias

293 867 354 945 tur)
373 865 530 944 ullatenus
548 863 760 930 condemnari.
781 885 797 923 ι
819 865 865 926 Ita
887 869 987 926 textus
1009 881 1062 926 ex·
1113 867 1245 930 Praetu.
1262 864 1371 941 Queri.
1396 881 1466 944 cap.
1482 881 1565 927 xm.
1585 883 1618 928 n.
1642 871 1678 942 '13
1705 868 1886 930 Farinacins

294 976 420 1040 pressus
433 958 464 1018 in
478 973 548 1036 cap.
565 974 621 1018 un.
642 957 676 1019 h.
695 963 718 1019 t.
738 957 771 1017 in
791 961 821 1020 6.
846 957 941 1036 quue
960 959 1060 1020 novie-
1112 961 1202 1024 lib.l.
1217 957 1498 1022 PraeioCrimiucl.
1514 968 1618 1040 met,
1637 963 1669 1035 8,
1689 979 1723 1026 ιι.
1747 967 1783 1036 'l;
1809 963 1887 1024 San·

294 1055 371 1118 sime
389 1051 616 1128 confirmatum,
636 1057 729 1132 atque
751 1051 932 1115 innovatum
952 1051 1010 1114 fuit
1026 1053 1060 1114 in
1113 1053 1187 1116 chen
1202 1054 1255 1118 cit.
1270 1055 1352 1133 disp.
1368 1057 1418 1117 lc.
1428 1061 1466 1116 n.
1481 1059 1520 1118 22
1536 1061 1571 1130 et¹
1581 1055 1647 1130 alii;
1663 1062 1773 1120 contra
1786 1059 1888 1121 Fran-

293 1147 423 1210 ccncilio
437 1143 618 1208 Tridentino
630 1163 707 1206 sees.
724 1147 775 1218 23,
796 1161 864 1222 cap.
885 1160 928 1218 vr,
948 1143 985 1206 de
1001 1143 1061 1206 ue»
1113 1149 1207 1210 cbnm
1221 1165 1288 1228 cap.
1305 1161 1360 1209 nn.
1374 1149 1393 1227 ς
1408 1147 1453 1208 Εἰ
1465 1155 1549 1210 oura'.¹
1559 1167 1591 1212 n.
1606 1155 1636 1212 l.
1647 1149 1683 1212 de
1693 1150 1801 1213 Cierio.
1817 1171 1886 1212 con·

294 1243 383 1326 serm.
399 1242 503 1306 addita
518 1239 658 1301 clausula
671 1239 722 1300 illa
736 1239 931 1317 derogatoria
947 1258 955 1300 ε
976 1240 1061 1301 «Ne-
1106 1242 1211 1322 junci.
1226 1241 1259 1304 in
1272 1245 1303 1304 6.
1322 1241 1456 1320 Lupum,
1476 1241 1608 1320 allegat,
1631 1247 1706 1316 {163
1729 1245 1887 1308 Belletum

293 1336 369 1397 mini
383 1335 488 1415 quoad
497 1335 568 1408 hoc,
579 1331 753 1412 privilegio,
762 1331 812 1394 rel
822 1333 1058 1408 consuetudine,
1114 1334 1267 1415 disquisit.
1278 1334 1407 1397 eleuci.
1417 1340 1498 1414 part.
1509 1336 1532 1397 l.
1543 1336 1601 1415 §a
1615 1336 1760 1418 Befouor.
1773 1337 1887 1402 Cleric.

294 1430 388 1493 etiam
402 1425 638 1490 immemorabili
653 1423 857 1503 suffragante.
872 1449 887 1486 u
1113 1428 1260 1511 personat.
1274 1447 1307 1490 n.
1323 1431 1356 1502 93
1374 1428 1483 1508 lingui,
1498 1428 1531 1492 h.
1547 1435 1571 1492 t.
1584 1448 1619 1492 n.
1631 1433 1838 1504 'iiiior-tham
1852 1433 1889 1496 de

334 1527 385 1590 23.
409 1519 569 1588 nummum
594 1519 721 1583 iubeant
744 1527 804 1582 tres
824 1519 997 1582 conditiones
1023 1519 1064 1582 od
1108 1522 1265 1605 juu'rdiet.
1284 1526 1354 1600 part
1371 1523 1395 1596 l,
1417 1527 1497 1582 sent.
1521 1526 1540 1584 2
1561 1540 1625 1585 cae.
1649 1524 1720 1588 159.
1742 1543 1775 1588 n.
1798 1529 1830 1587 5.
1858 1533 1889 1588 et

294 1619 346 1682 doc
367 1617 535 1699 remeetur,
557 1621 586 1676 ct
608 1611 702 1694 quos?
726 1613 849 1694 Bipomi
869 1623 938 1676 suut
958 1614 1065 1678 nuduli
1116 1615 1888 1695 nonnulloealioe‚·quosinccntrarinm'cilatilar·

295 1713 374 1776 omui
380 1708 536 1793 privileyio
548 1706 687 1772 clericali.
704 1707 853 1770 -Porro
869 1709 1062 1772 conditiones
1115 1711 1193 1774 bose
1206 1711 1237 1774 d.
1249 1730 1281 1772 n.
1293 1711 1324 1773 6.
1337 1709 1428 1770 ilatio
1440 1709 1646 1774 conclusionis
1659 1711 1834 1774 desumitur
1848 1731 1887 1774 ex

295 1808 335 1870 ad
348 1808 409 1869 hoc
422 1803 589 1884 requisita,
605 1806 678 1864 eunt
694 1806 769 1876 tres,
790 1821 924 1882 quarm
943 1803 1063 1884 priores
1116 1807 1157 1868 cit
1170 1823 1240 1886 cap.
1256 1821 1310 1866 un.
1331 1804 1410 1866 h.'t.
1434 1803 1467 1863 in
1487 1808 1517 1866 6.
1539 1805 1593 1866 ubi
1610 1812 1681 1885 post
1702 1823 1887 1868 concessum

295 1901 365 1964 due
381 1899 536 1962 habentur
549 1895 600 1958 cit.
616 1912 685 1976 cap,
702 1914 756 1957 un.
772 1896 804 1958 b.
821 1905 844 1960 t.
859 1897 893 1958 in
906 1900 937 1984 6,
959 1898 1063 1959 Tertia
1116 1897 1229 1962 talibus
1241 1895 1362 1958 clericis
1375 1893 1572 1975 privilegium
1586 1899 1725 1974 canonis,
1741 1899 1842 1960 eliori
1856 1900 1888 1958 in

297 2011 369 2058 vero
382 1991 548 2054 norissima
562 1987 668 2050 addita
681 1988 739 2052 init
753 1987 785 2051 in
795 1989 925 2052 concilio
936 1990 1063 2052 {triden-
1118 1989 1337 2063 criminalibus,
1354 2007 1500 2068 expresse
1514 1991 1734 2070 subiungitur:
1750 1993 1815 2053 oln
1829 2011 1888 2054 ore·

295 2086 359 2150 lino
374 2086 433 2147 loc.
449 2081 501 2144 cit.
520 2080 623 2142 Prima
642 2087 689 2142 eet
706 2100 714 2142 ι
731 2087 766 2143 nt
786 2083 940 2161 ejusmodi
960 2083 1064 2146 clerici
1116 2085 1190 2148 teris
1204 2089 1309 2146 autem
1321 2099 1376 2142 cos
1396 2081 1534 2160 gaudere
1557 2085 1703 2146 nolum'ne
1724 2085 1888 2166 privilegio

299 2202 315 2240 ι
328 2197 400 2242 cum
410 2175 517 2250 unica,
534 2180 565 2236 et
577 2173 695 2252 virgine
709 2176 942 2238 contraxerint»
963 2194 971 2238 τ
987 2175 1064 2238 alio·
1116 2177 1250 2241 clericali
1265 2198 1280 2235 u
1300 2194 1308 2236 ι
1326 2191 1400 2254 ergo
1414 2175 1447 2234 in
1461 2177 1565 2238 censis
1578 2196 1663 2240 mere
1673 2178 1818 2240 civilibus
1831 2180 1890 2241 cle·

295 2272 370 2356 quin
391 2269 474 2332 enim
495 2269 598 2329 forent
618 2265 753 2345 bigami,
778 2269 832 2348 qui
855 2275 927 2331 sunt
954 2271 1064 2332 nudati
1116 2273 1172 2335 rici
1189 2270 1347 2351 conjugati
1368 2268 1455 2330 nullo
1471 2271 1620 2348 juvantur
1638 2272 1776 2335 clericali
1796 2273 1889 2353 privi-

296 2365 381 2428 omni
395 2362 554 2445 privilegio
569 2361 1062 2443 clericali‚eap.un.deBipcmie,
1117 2365 1210 2444 legio.
1298 2383 1302 2390 ·
1399 2382 1402 2390 ·

296 2460 328 2522 in
343 2464 374 2523 6.
391 2456 533 2519 Secunda
548 2465 616 2517 est:
638 2475 653 2513 c
671 2457 710 2518 Ui
728 2455 870 2520 deferant
889 2463 1064 2534 tonsuram,
1122 2507 1127 2516 .
1156 2461 1207 2520 26.
1227 2457 1308 2521 Unde
1322 2458 1443 2518 iumerc
1455 2456 1549 2520 couer's
1560 2457 1694 2520 ciuilibus
1707 2459 1891 2522 couceuieodi

296 2560 327 2615 et
339 2557 442 2614 restes
454 2547 648 2612 clericales.»
662 2548 764 2609 Tertia
772 2549 911 2630 tandem,
922 2555 1065 2612 elaeon·
1117 2558 1186 2613 eunt
1206 2569 1305 2613 corum
1320 2550 1424 2632 judice
1447 2569 1500 2612 ruo
1527 2546 1734 2614 seculore'-
1761 2553 1890 2616 lniertur

296 2647 366 2711 cilio
379 2644 558 2706 Tridentino
574 2641 741 2703 novissime
756 2643 898 2722 apposita
917 2641 1063 2716 conditio,
1117 2643 1259 2725 proinde,
1277 2643 1551 2722 quodbujnemodi
1561 2643 1692 2708 clericus
1704 2648 1891 2726 conjugatus

296 2747 344 2803 eet
360 2759 368 2801 ε
386 2740 456 2804 elli
470 2736 548 2798 tales
565 2733 670 2796 clerici
693 2734 822 2814 alicujus
842 2736 980 2798 ecclesia
1000 2753 1066 2798 eer-
1119 2753 1213 2818 super
1226 2755 1321 2802 cansa
1335 2755 1422 2800 mere
1436 2737 1528 2811 cirili,
1540 2739 1773 2802 conveniendus
1788 2742 1828 2801 sit
1839 2760 1892 2802 co-

296 2835 387 2904 ritic.
413 2831 462 2895 rel
484 2830 656 2893 ministerio
677 2829 718 2890 ab
740 2828 886 2909 episeopo
906 2829 1063 2910 deputati,
1118 2851 1186 2896 ram
1205 2834 1312 2912 jndice
1336 2850 1392 2892 ano
1416 2831 1555 2894 seculari
1582 2851 1590 2894 t
1615 2850 1721 2912 neque
1748 2834 1774 2896 is
1795 2837 1893 2913 poscit
2001 2879 2002 2912 r

297 2929 400 2992 eidem
414 2925 558 2990 Eccleeiae
573 2921 720 2998 servient,
735 2921 785 2984 rel
798 2923 1010 2987 minislrent.u
1029 2925 1066 2986 ut
1119 2943 1277 3006 opponere
1306 2926 1522 3004 exceptionem
1549 2922 1784 2988 deelinaloriam
1804 2929 1889 2990 lori:

297 3025 409 3087 harum
430 3021 524 3083 trium
553 3017 767 3080 conditionum
794 3035 856 3078 nna
880 3017 1063 3094 deficiente,
1119 3023 1192 3102 quia
1216 3035 1324 3082 revere
1351 3037 1415 3082 ncn
1445 3017 1562 3098 gaudet
1580 3018 1743 3100 privilegio
1773 3019 1829 3083 lori
1860 3021 1892 3081 in

297 3115 402 3179 clerici
413 3113 569 3193 conjugali
582 3111 670 3198 nullo
683 3127 811 3192 prorsus
828 3111 1067 3194 gaudentprivi·
1119 3117 1221 3178 causis
1235 3133 1323 3178 mere
1337 3113 1489 3178 civilibus.

297 3208 379 3292 legio
399 3206 534 3270 clericuli
554 3231 563 3269 ι
585 3223 659 3268 nam
679 3205 770 3267 diotea
790 3213 852 3268 tres
874 3206 1066 3270 conditiones
1158 3216 1209 3274 27.
1221 3208 1703 3290 Poaeuutcbltoeioccrceroripra
1711 3207 1893 3272 debitomere

298 3303 498 3383 requiruntur
510 3302 542 3362 iu
555 3300 630 3381 ipsis
643 3299 817 3381 copulative
831 3299 870 3362 ad
881 3300 1065 3380 participari·
1118 3304 1209 3381 cicili,
1220 3301 1623 3376 etc.‘-lnleriurulteriue‚
1633 3301 1719 3381 quod
1730 3303 1894 3364 tellerleri-

299 3397 374 3460 dnm
387 3395 582 3476 privilegium
596 3393 735 3469 canonis,
751 3392 865 3469 ctiori,
880 3395 975 3456 modo
988 3412 1066 3475 pree·
1119 3415 1176 3464 cue
1189 3414 1245 3475 pro
1252 3395 1356 3458 debito
1365 3394 1458 3470 civili,
1470 3413 1526 3457 seu
1534 3405 1589 3475 pro
1598 3396 1783 3458 executione
1790 3413 1892 3457 causer

298 3491 396 3565 dict03
413 3489 456 3552 uti
470 3489 567 3568 liquet
586 3506 624 3550 ex
643 3485 693 3548 cit.
715 3504 785 3565 eep.
807 3505 862 3548 un.
878 3487 963 3567 §fin
986 3488 1019 3549 b.
1040 3492 1064 3550 t.
1119 3507 1205 3552 mere
1224 3489 1339 3564 civilis,
1360 3507 1419 3571 per
1436 3489 1575 3569 judicem
1593 3489 1779 3552 secularem
1795 3491 1895 3570 possit

298 3585 331 3646 in
344 3589 375 3648 6.
387 3586 495 3664 juncto
510 3581 639 3644 concilio
653 3579 832 3643 lbidentino
847 3580 897 3641 cit.
919 3597 996 3643 sees.
1014 3583 1065 3642 23.
1120 3587 1303 3664 capiatque
1311 3585 1510 3646 in'cercerem
1517 3583 1611 3660 milli3
1622 3586 1798 3663 absqneeo‚
1808 3585 1893 3664 quod

299 3695 369 3756 cap.
383 3692 425 3738 vr.
439 3674 475 3737 de
487 3674 619 3756 Reform.
1117 3679 1214 3760 judex
1223 3678 1340 3741 incidet
1349 3680 1381 3739 in
1391 3678 1745 3741 excommunicationem
1753 3680 1892 3740 canonis.

338 3775 389 3834 nl.
407 3769 518 3833 Clerici
529 3766 680 3848 conjuncti
692 3766 771 3828 nullo
779 3763 1069 3848 pcudentpriuileqio
1120 3775 1215 3836 Licite
1229 3774 1327 3846 enim,
1341 3792 1379 3835 ec
1388 3772 1577 3853 nentiquam
1591 3773 1749 3835 suadente
1758 3773 1893 3846 diabolo,

300 3864 331 3926 in
346 3861 422 3924 bonit
436 3861 511 3933 solu
523 3860 908 3948 tt'tqutlffltniwpraessiare
920 3868 1067 3922 cometas
1121 3867 1154 3929 id
1166 3866 1238 3928 fucit
1254 3885 1261 3926 :
1277 3883 1381 3946 neque
1395 3866 1493 3946 injicit
1507 3867 1663 3946 ejusmodi
1684 3867 1797 3930 clerico
1816 3885 1895 3929 oon-

300 3957 474 4029 secutiones,
492 3953 626 4025 tributu.
639 3953 700 4014 flit-
718 3983 759 3998 ·-
777 3953 872 4031 neap,
894 3953 930 4013 ll·
949 3950 1068 4014 Nihilo·
1118 3963 1228 4042 jugato
1241 3977 1354 4021 manue
1368 3959 1530 4035 violentae,
1553 3960 1609 4023 sed
1626 3961 1724 4040 jueta,
1745 3962 1845 4041 ipeum
1861 3981 1892 4022 r.

300 4051 403 4112 minue
417 4044 570 4127 eiusmodi
588 4044 690 4106 cleriei
711 4045 867 4125 coniugati
887 4044 973 4106 nullo
994 4063 1076 4124 geu-2
1123 4073 1155 4135 g,
1170 4054 1298 4134 defuga
1318 4059 1499 4134 suspectum
1520 4054 1685 4134 capiendo,
1707 4061 1740 4116 et
1759 4056 1896 4116 incarce-

301 4144 377 4206 dent
395 4137 554 4222 privilegio
568 4137 701 4200 clericuli
720 4137 752 4197 in
771 4136 880 4214 rebus,
902 4156 958 4199 sen
979 4137 1068 4200 bonis
1122 4149 1231 4211 raudo.
1255 4148 1459 4210 novarruviae
1483 4147 1535 4209 cit.
1553 4163 1702 4227 capum.
1723 4165 1755 4210 n.
1768 4154 1801 4222 ’ῖς
1817 4149 1896 4210 llar-

302 4237 389 4299 snie:
406 4251 442 4294 cc
461 4231 609 4312 proinde,
632 4231 712 4291 siout
730 4229 782 4290 alii
799 4233 938 4305 uxorati,
958 4238 1069 4294 tenen·
1123 4241 1210 4315 bosa,
1225 4239 1278 4301 ubi
1293 4259 1398 4322 supra,
1415 4258 1449 4302 n.
1463 4243 1483 4304 9
1497 4247 1530 4304 ct
1544 4243 1596 4315 103
1615 4242 1756 4304 Sencbez
1771 4243 1801 4304 d.
1810 4241 1895 4321 disp.

303 4334 354 4390 tur
366 4332 515 4407 prestare
535 4329 701 4383 consuetae
718 4323 906 4398 exactiones,
929 4341 983 4385 eeu
1005 4324 1070 4386 col·
1122 4337 1172 4396 ιθ,
1187 4352 1221 4394 n.
1236 4338 1285 4397 23.
1302 4334 1441 4414 allegans
1459 4335 1535 4396 alios
1551 4355 1560 4396 ε
1577 4335 1729 4415 quidquid
1753 4335 1896 4396 nonnulli

301 4422 410 4500 leuius,
424 4418 550 4491 tribula,
567 4417 690 4496 aliaque
704 4415 839 4478 servilia.
856 4420 901 4480 lia
915 4424 1017 4480 lexllls
1037 4419 1070 4480 in
1123 4425 1162 4488 de
1176 4425 1236 4487 hoc
1246 4426 1464 4502 dubitaverint,
1475 4427 1537 4490 imo
1548 4427 1670 4490 nihnnn
1681 4428 1895 4492 incarcerandi

304 4533 374 4593 cap.
398 4529 452 4574 un.
475 4512 493 4590 §
511 4509 565 4572 fin.
591 4511 623 4572 h.
648 4515 670 4584 t,
693 4509 725 4570 in
743 4511 763 4571 6
781 4509 835 4570 ubi
853 4510 986 4572 dicitur:
1008 4515 1071 4575 cln
1123 4524 1307 4599 potestatem
1314 4518 1410 4599 iudici
1425 4518 1567 4581 seculari
1581 4521 1708 4600 penitus
1722 4521 1896 4600 abnegare·

305 4607 425 4671 coeteris
439 4611 545 4678 autem
558 4604 629 4682 (hcc
642 4608 688 4665 eet
702 4610 815 4682 praeter
825 4621 916 4666 essue
930 4606 1070 4684 proxime
1124 4613 1202 4684 rinl3
1219 4611 1262 4672 uti
1277 4612 1382 4674 videre
1397 4617 1445 4675 est
1458 4613 1543 4692 apud
1557 4613 1700 4675 Sancher
1712 4614 1773 4674 loc.
1789 4615 1836 4674 eit.

307 4697 516 4776 enumeratos)
532 4715 585 4758 eos
600 4696 739 4776 gaudere
751 4695 897 4758 nolumus
911 4697 1071 4778 privilegio
1163 4704 1214 4764 26.
1230 4701 1332 4785 Neque
1344 4703 1473 4784 pandect
1485 4703 1545 4766 ullo
1563 4705 1623 4766 clio
1641 4703 1800 4787 priuile'pic
1815 4703 1899 4765 eleri-

306 4790 450 4858 clericali.
465 4810 480 4848 u
497 4787 634 4868 idipsum
647 4789 780 4852 habetur
792 4806 819 4850 c.
836 4787 892 4850 Eo
902 4797 985 4870 part,
995 4793 1025 4852 9.
1037 4789 1070 4850 b.
1125 4793 1193 4856 ccli.
1208 4823 1249 4839 -
1261 4795 1393 4858 lnlertur
1406 4797 1509 4870 terlio,
1533 4796 1619 4876 quod
1636 4795 1771 4858 clericus
1792 4795 1899 4872 conjn-

307 4893 330 4950 ι.
346 4884 400 4946 ubi
417 4881 531 4956 llbbae,
545 4883 635 4944 ioan.
652 4881 802 4956 Andreae,
826 4880 964 4944 Barbcsa
982 4900 1014 4943 n.
1038 4886 1069 4946 3.
1126 4893 1216 4966 gatus
1230 4895 1344 4967 preter
1356 4887 1554 4968 privilegium
1567 4889 1708 4963 canonio,
1726 4887 1841 4958 ctiori,
1865 4895 1899 4948 ut

307 4977 414 5044 etalii.
429 4975 630 5038 Govamnviae
639 4974 770 5036 Proctic.
782 4974 890 5051 Queat.
905 4992 973 5056 cap.
986 4993 1071 5039 rxxr.
1125 4997 1232 5060 supra,
1247 4981 1332 5043 nullo
1347 4981 1407 5042 slio
1422 4982 1559 5064 gaudeat
1571 4982 1737 5062 privilegio
1752 4980 1896 5056 clericali,

307 5092 340 5136 n.
355 5076 385 5136 9.
402 5069 541 5133 Scncbez
553 5067 607 5130 lib.
627 5069 690 5129 Vll.
714 5067 750 5130 de
768 5068 901 5156 matrim.
918 5068 997 5149 disp.
1020 5073 1071 5132 46.
1127 5079 1162 5136 ut
1175 5079 1251 5154 pute
1265 5074 1437 5154 privilegio,
1453 5093 1521 5155 cap.
1540 5075 1693 5138 Odocrdue
1707 5076 1743 5138 de
1754 5075 1897 5138 socrus

306 5161 649 5228 n.16.etcommnnie.
1126 5175 1160 5231 ot
1190 5169 1379 5248 hujusmodi.
1412 5169 1548 5232 Bellelus
1582 5169 1739 5251 dirquiut.
1771 5167 1897 5230 clericel.

347 5261 397 5320 25.
409 5256 535 5340 Insuper
540 5253 719 5338 probabilius
731 5253 1003 5336 accumulante
1015 5255 1077 5338 fori
1128 5267 1207 5340 part.
1223 5263 1245 5322 l.
1262 5261 1280 5340 ᾗ
1293 5264 1325 5324 8.
1340 5260 1375 5322 de
1386 5259 1620 5342 foecuclericcl.
1633 5261 1780 5342 pmcaol.
1794 5277 1820 5320 n.
1838 5261 1897 5330 ll:

309 5349 436 5432 paudere
448 5349 539 5411 ectum
554 5348 584 5409 iu
596 5345 808 5422 ruminatione,
818 5367 875 5408 ooo
888 5347 919 5408 ic
931 5348 1074 5410 ciuilibus.
1130 5353 1233 5434 Aloys.
1251 5352 1366 5416 llicius.
1378 5353 1410 5415 in
1421 5355 1531 5432 Proui,
1546 5361 1627 5434 part.
1643 5358 1668 5417 l.
1684 5354 1805 5417 recolet
1816 5347 1897 5412 365.

186 5445 190 5460 '
310 5445 456 5524 -lleep
471 5443 519 5506 111.
533 5445 663 5525 Insuper
676 5441 867 5526 probabilius
888 5443 1075 5525 eet,'an'ue·
1129 5463 1163 5508 ιι.
1179 5449 1213 5521 2;
1229 5445 1598 5528 Fruncbns‚cap.nn.de
1611 5445 1733 5509 Clericia
1745 5442 1896 5524 conjacet.
