3994 6050
247 211 307 276 ssu
350 163 352 170 ’
431 207 502 272 un.
525 207 572 272 ru.
595 203 803 270 osuanrrt.
825 203 897 268 ιιι.
919 200 957 268 ν.
978 203 1029 268 on
1049 200 1275 268 messanis
1294 199 1343 268 rr
1362 199 1634 267 orornrurus.

244 363 309 408 ota.
325 377 364 392 -
377 343 531 417 Quaeritur
543 338 604 404 Vll.
622 345 669 404 An
690 340 803 403 dentur
824 339 927 419 aliqua
947 339 1008 400 alia
1061 339 1187 402 luerunt
1199 345 1323 418 recepta
1338 339 1369 398 in
1384 335 1619 414 Confideatm
1631 335 1693 396 boc
1704 339 1762 410 ast,
1773 349 1831 413 per

245 438 395 503 beneficia
417 438 458 500 ad
479 435 675 500 collationem
695 434 790 497 solius
807 435 900 514 Papa
913 433 1009 512 pcrti-
1061 431 1232 495 Simoniam
1253 430 1529 495 conlidentialem:
1554 449 1592 491 ex
1606 427 1830 492 constitutione

245 531 368 594 nautici
381 533 473 610 ltesp.
487 531 512 590 1.
528 528 576 591 Ad
589 527 786 590 cantionem
800 526 895 586 solius
915 523 1008 604 Papa
1061 529 1110 590 86.
1127 526 1174 588 Pii
1187 529 1237 589 lv.
1262 527 1426 590 Romanam
1449 523 1630 606 Publiliam.
1650 523 1714 604 §la
1730 522 1831 594 Quam

245 624 374 686 ulterius
400 627 541 703 spectant
566 620 717 683 beneficia
746 617 835 682 Urbis
861 635 918 680 seu
938 635 1008 698 qua
1063 620 1156 682 stiam
1170 620 1326 682 innovavit
1338 621 1449 682 beatus
1465 619 1536 681 Pius
1544 619 1581 681 v.
1598 619 1630 679 irr
1645 635 1705 680 sua
1718 613 1831 678 consti·

244 716 350 777 Roma
364 716 516 777 existunt:
529 714 725 776 namborum
739 711 861 774 collatio
875 711 1009 790 pertinet
1064 715 1182 777 tutione
1194 719 1245 778 85.
1261 711 1455 776 intolerabilia
1470 733 1482 776 .·
1495 713 1539 775 ita
1552 717 1676 786 tamen,
1698 717 1735 772 ut
1748 710 1832 771 hanc

246 811 286 872 ad
299 808 426 889 Papam,
447 815 596 888 tanquam
619 807 799 886 episcopum
820 805 1007 882 Romanum,
1063 825 1151 870 suam
1165 807 1438 881 constitutionem,
1451 823 1488 868 ac
1501 805 1756 876 reservationem,
1772 801 1831 862 de-

245 908 338 984 prout
350 904 377 962 is
386 901 558 982 appellatur
572 899 604 960 in
618 917 686 961 can.
703 899 742 961 Si
753 898 816 980 pais
829 896 1007 979 Episcopus.
1062 902 1194 965 creverit
1207 900 1492 982 procederentque
1506 897 1746 979 intelligendam
1759 911 1832 958 esse

247 1002 278 1061 2.
293 1015 325 1078 q.
340 1001 370 1060 6.
387 1015 457 1060 cum
471 993 633 1058 similibus.
648 995 692 1056 lta
707 993 822 1056 AEneas
842 993 882 1056 de
906 993 1009 1054 Falco-
1062 1010 1126 1056 non
1139 995 1239 1056 solum
1254 994 1293 1056 ds
1307 993 1475 1072 beneficiis,
1486 993 1519 1054 in
1533 991 1646 1072 quibus
1660 988 1833 1052 commissa

247 1092 310 1154 nib.
327 1091 379 1154 eit.
394 1093 484 1153 unct.
498 1088 534 1150 de
546 1088 693 1151 [torcat.
710 1084 825 1167 berafic.
845 1092 952 1167 quaa.
977 1089 1007 1148 2.
1063 1095 1111 1152 est
1124 1088 1255 1150 simonia
1267 1085 1509 1162 occidentalis,
1526 1086 1586 1149 sud
1598 1085 1694 1148 stiam
1706 1084 1747 1146 ds
1762 1097 1833 1143 orn-

245 1183 407 1266 principal.
430 1201 461 1245 n.
478 1186 512 1258 93
533 1181 677 1257 Gholrier,
701 1180 732 1241 in
755 1197 821 1260 reg.
837 1179 1007 1243 GsnceUar.
1062 1182 1155 1246 nibus
1177 1183 1255 1258 aliis,
1280 1199 1351 1262 quar
1372 1181 1531 1244 obtinebat
1550 1175 1829 1248 conlidentiarius;

245 1297 278 1340 n.
293 1280 343 1342 23.
360 1293 441 1340 vers.
456 1273 592 1339 Secundo
604 1275 771 1338 coronatio.
796 1273 947 1336 Ucnrulcr
968 1272 1010 1334 ad
1063 1283 1155 1358 prout
1168 1275 1265 1356 liquet
1278 1293 1317 1339 ex
1330 1275 1443 1338 eadem
1456 1275 1540 1336 bulla
1552 1272 1637 1335 beati
1649 1270 1694 1332 Pii
1707 1270 1745 1332 V.
1763 1269 1784 1348 ᾖ
1798 1269 1831 1330 8.

245 1391 313 1454 reg.
335 1378 364 1438 8.
385 1371 556 1436 Cancellar.
577 1369 677 1432 Uluss.
700 1371 747 1445 rs,
763 1386 795 1430 n.
811 1371 831 1431 3
845 1372 877 1429 at
888 1370 918 1428 4.
935 1366 1012 1428 alle·
1063 1370 1126 1434 Sed
1136 1388 1172 1432 oe
1184 1369 1338 1453 quisquam
1353 1389 1365 1432 :
1384 1375 1416 1433 et
1433 1371 1521 1431 notat
1534 1366 1671 1429 Barboss
1685 1364 1737 1426 cit.
1753 1362 1833 1424 alla·

247 1485 326 1548 gans
347 1466 436 1529 alios.
458 1465 642 1544 Quanquam
663 1463 780 1526 AEneas
796 1463 838 1524 de
851 1459 1008 1524 Falconib.
1063 1471 1127 1546 gat.
1143 1467 1193 1527 64.
1210 1483 1241 1526 n.
1259 1467 1307 1526 42.
1322 1463 1459 1544 Utraque
1472 1462 1624 1524 dictarum
1637 1454 1833 1521 constitutio·

247 1561 279 1624 d.
302 1577 335 1621 n.
359 1561 390 1621 s.
412 1563 445 1620 at
466 1557 616 1620 Uonrslcn
638 1557 697 1618 loc.
723 1553 775 1617 cit.
799 1571 833 1614 n.
848 1556 867 1615 'l
882 1559 914 1614 et
926 1554 956 1616 8.
972 1569 1010 1614 ac
1063 1577 1139 1621 unm
1152 1557 1372 1620 retenurtom.
1388 1559 1425 1621 Il.
1441 1551 1722 1618 Baliariiltoatasi.

247 1669 336 1733 seqq.
349 1651 517 1731 ceterique
530 1656 672 1713 auctores
685 1644 1009 1725 notent,baueficiain
1101 1654 1171 1715 468,
1186 1651 1262 1713 Item
1282 1649 1403 1714 crebrior
1420 1647 1613 1732 parochiales,
1636 1665 1693 1708 aaa
1714 1649 1833 1708 monto

246 1745 329 1810 Urbe
343 1743 506 1806 existent'a
527 1744 628 1805 solum
647 1739 816 1822 improprie
832 1737 894 1802 dic‘i
909 1753 1010 1799 reser-
1064 1744 1164 1825 sor-mr
1180 1743 1298 1806 rrrrrrtrr·
1317 1742 1482 1807 merum·
1501 1741 1688 1806 0011er-
1711 1737 1833 1800 prinde

105 1907 109 1917 ,
245 1843 316 1902 vata
324 1837 421 1917 (haud
434 1835 750 1918 obstants,quodpro
764 1832 872 1912 majori
888 1829 1009 1893 cautela
1064 1837 1256 1919 dispositioni
1296 1837 1383 1900 Sedis
1418 1835 1596 1918 apostolicas
1629 1839 1833 1897 reservamur

245 1945 302 2011 prr
315 1949 381 2012 reg·
393 1935 423 1992 '1-
438 1929 635 2002 Cfflorllrriae
646 1943 791 2010 expresse
800 1926 1009 2003 reserventur)
1062 1931 1200 1994 ecclesias
1214 1931 1418 2011 parochiales,
1430 1949 1500 2013 qua
1513 1946 1577 1992 non
1591 1935 1713 1991 servata
1727 1926 1832 1990 forma

246 2043 285 2088 eo
306 2025 391 2105 quod
413 2027 496 2106 Papa
514 2027 585 2107 jure
607 2023 743 2105 proprio,
769 2041 825 2086 seu
839 2017 1007 2094 ordinario,
1062 2023 1184 2086 concilii
1196 2023 1367 2086 Tridentini
1381 2025 1501 2088 cobatae
1515 2023 1662 2098 inerunt,
1685 2021 1735 2083 vel
1755 2037 1835 2082 oon·

245 2121 340 2182 uoluti
355 2119 519 2201 episcopus
532 2121 705 2194 Romanus,
730 2119 840 2182 eadem
858 2115 1007 2192 contami,
1062 2115 1201 2180 terantur
1227 2117 1261 2179 in
1283 2121 1444 2198 posterum
1460 2139 1468 2182 ε
1484 2135 1524 2180 ex
1543 2115 1758 2180 consdtudone
1778 2115 1831 2177 33.

246 2215 410 2294 nullusque
425 2214 504 2277 alius
517 2215 608 2292 adsit,
634 2214 687 2294 qui
710 2215 752 2276 ita
772 2211 925 2288 conterre,
952 2209 1009 2270 Pa·
1063 2209 1147 2272 beati
1165 2210 1210 2272 Pii
1234 2211 1269 2274 V.
1292 2211 1331 2273 la
1352 2210 1543 2294 conscendis.
1565 2211 1633 2292 §3‚
1647 2208 1837 2272 acreiertnr

245 2322 381 2387 pampus
395 2305 585 2369 conferendo
599 2305 752 2369 beneficia
765 2304 855 2369 Urbis
868 2302 1009 2366 vacantia
1063 2300 1115 2364 cit.
1144 2307 1219 2365 tom.
1247 2305 1294 2365 44.
1312 2303 1444 2367 Baliaris·
1467 2303 1606 2369 Romani.
1630 2299 1717 2366 Adde
1747 2300 1835 2364 dicta

246 2398 417 2478 praevenire
432 2398 544 2461 valeat.
559 2399 638 2462 Nam
651 2398 821 2462 reservatio
836 2395 962 2478 proprie
975 2393 1013 2456 fit
1063 2395 1205 2474 superius
1217 2395 1236 2476 ἓ
1248 2399 1280 2461 5.
1294 2415 1327 2460 ιι.
1346 2401 1415 2462 446.

245 2496 372 2572 propter
385 2492 529 2554 umorem
542 2491 774 2573 praeventionis,
798 2509 855 2553 seu
873 2507 913 2552 ne
930 2485 1011 2550 irie·
1103 2493 1173 2553 469.
1195 2490 1241 2554 Et
1268 2489 1405 2573 beneficia
1426 2491 1562 2556 ammte
1583 2492 1695 2555 abaco
1720 2490 1834 2570 factam

244 2584 307 2645 rior
320 2583 493 2647 ordinarius
506 2586 634 2650 collator
647 2587 745 2667 possit
758 2587 875 2664 Papam
888 2583 921 2644 in
935 2597 1011 2645 con·
1062 2585 1286 2668 publicationem
1299 2587 1514 2670 casipaotioais.
1536 2617 1576 2632 -
1597 2585 1712 2658 Terbo,
1735 2585 1838 2646 bene-

118 2675 120 2682 ‘
245 2675 374 2740 ferendo
387 2679 570 2758 prevenire.
1062 2679 1133 2742 ficia
1148 2679 1288 2746 racmtia
1311 2679 1352 2742 ob
1374 2699 1437 2744 non
1460 2679 1574 2743 tactum
1588 2677 1835 2761 publicationem

285 2775 355 2835 466.
377 2771 520 2854 Exceptis
534 2771 686 2856 locridis,
702 2767 901 2853 qao-ruisset
915 2769 1008 2832 titulis
1063 2774 1292 2855 resignationis,
1308 2781 1466 2838 reservata
1480 2779 1553 2838 sunt
1569 2773 1726 2836 robatiani
1742 2771 1837 2834 Sedis

247 2865 439 2929 cardinalium
452 2867 686 2930 residentiam·
702 2865 876 2928 Fatendum
888 2865 1006 2938 mutan,
1063 2869 1270 2951 apostolica:
1299 2885 1338 2930 ex
1364 2869 1582 2932 constitutione
1608 2871 1659 2932 66.
1689 2863 1835 2946 Gregorii

247 2962 331 3040 quod
358 2961 513 3024 Beneficia
533 2961 633 3039 Urbis,
658 2977 728 3042 quas
755 2959 887 3021 subsunt
912 2955 1009 3018 titulis
1062 2965 1136 3026 xffl,
1165 2960 1304 3024 Humane
1325 2961 1379 3024 uta
1399 2961 1519 3042 jedida.
1548 2962 1619 3041 §tt
1642 2967 1675 3024 et
1695 2959 1838 3022 retertur

247 3051 461 3132 cardinalium,
476 3071 543 3136 arg.
556 3071 583 3117 c.
595 3054 653 3116 His
665 3071 741 3136 qua.
757 3056 807 3116 44.
823 3051 860 3114 de
872 3049 1007 3130 Majorit.
1062 3055 1178 3136 pariter
1190 3061 1265 3118 tom.
1281 3058 1317 3119 44.
1332 3055 1467 3118 Baliaris·
1479 3053 1613 3118 Romani.

247 3151 276 3207 et
301 3143 440 3209 obedient.
470 3147 669 3209 conterantur
691 3163 748 3227 per
774 3145 860 3224 istos,
884 3141 1010 3222 quando
1101 3150 1171 3212 476.
1194 3152 1389 3232 Αιιτρνορεεν
1401 3149 1510 3212 crimea
1518 3147 1834 3222 boream-mmm,

247 3241 424 3320 huiusmilffi
447 3241 617 3304 tirrdissrlsst
638 3244 711 3303 runi
732 3239 765 3301 in
782 3238 866 3302 Urbe
882 3253 889 3297 ἒ
908 3251 1008 3310 retur,
1064 3242 1214 3306 beneficia
1232 3243 1375 3307 vacantia
1398 3248 1524 3323 propter
1545 3241 1666 3304 crimen
1689 3237 1838 3312 haeresis,

248 3335 373 3412 quando
392 3335 523 3415 absunt,
546 3337 633 3416 juxte
653 3351 719 3415 reg.
743 3337 773 3396 ’4.
798 3329 1008 3394 cancellarie·
1064 3341 1262 3402 reserrentur
1283 3336 1439 3401 collationi
1461 3335 1550 3399 Sedis
1574 3335 1753 3414 apostolica
1771 3353 1779 3394 :
1798 3349 1839 3394 ex

248 3425 332 3489 Licet
346 3427 429 3489 euim
443 3429 556 3492 trorum
570 3429 792 3494 beneficiorum
806 3425 928 3488 collatio
939 3423 1010 3503 jure
1064 3433 1281 3497 constitutione
1294 3435 1345 3496 29,
1361 3432 1445 3496 beati
1460 3430 1505 3494 Pii
1519 3431 1557 3494 v.
1573 3427 1651 3493 Crura
1665 3447 1702 3492 er
1712 3429 1839 3511 Aponio

250 3519 405 3583 ordinario
419 3525 574 3604 pertineat
587 3525 628 3587 sd
641 3525 769 3606 Papam,
790 3519 884 3584 veluti
894 3520 1011 3599 cpisco·
1064 3527 1151 3590 tarra,
1167 3529 1229 3609 51,
1245 3528 1440 3608 referturque
1454 3528 1507 3590 ait,
1522 3533 1597 3589 torn.
1615 3527 1651 3588 ll.
1667 3523 1815 3586 Marti.

249 3633 325 3696 pum
351 3618 461 3695 Urbis,
489 3627 523 3682 ut
548 3619 666 3683 dictum
692 3637 699 3681 :
727 3615 948 3692 nibilominus,
978 3619 1012 3676 ut
1103 3625 1173 3708 ffl,
1196 3622 1270 3684 urm
1289 3621 1425 3704 prrrssrra
1446 3620 1581 3685 cranao
1606 3627 1728 3702 propre,-
1745 3615 1838 3679 dele.

249 3711 361 3772 summi
383 3713 546 3776 Pontifices
568 3713 750 3788 ostendant,
765 3709 938 3774 cardinales
952 3707 1011 3770 sibi
1067 3725 1129 3778 tam
1151 3715 1357 3797 offendentium
1379 3715 1524 3801 litigantes
1545 3717 1576 3778 in
1590 3715 1685 3780 Caria
1698 3731 1836 3790 maraon,

249 3804 527 3885 conjunctissimos,
552 3813 584 3870 ct
602 3825 674 3871 vere
688 3807 797 3870 tratres
811 3805 954 3882 existere,
971 3803 1013 3864 si·
1065 3829 1197 3874 ruamur
1213 3809 1348 3891 judices,
1372 3809 1542 3890 adamatos,
1567 3819 1620 3872 etc.
1643 3839 1684 3855 -
1706 3807 1836 3880 Quinto,

250 3898 376 3980 mulque
403 3901 503 3982 mapa
530 3921 585 3966 eos
611 3919 739 3965 suorum
770 3899 929 3962 titulorum
955 3915 1013 3978 per
1037 3893 1041 3900 ’
1066 3905 1217 3967 beneficia
1231 3904 1380 3986 ipsojure
1394 3899 1836 3985 vacantiapropterdclictum

249 3992 447 4056 residentiam
468 3997 663 4076 personalem
686 3995 839 4059 studiosos
857 3992 1010 4068 rcddaut;
1067 3997 1290 4061 ostendentium
1316 3998 1472 4080 litigantes
1498 3997 1532 4059 in
1558 3995 1651 4060 curia
1676 3995 1834 4070 Romana,

250 4083 419 4166 pleniorem
433 4089 498 4151 istis
511 4091 680 4154 dummodo
695 4091 729 4151 in
740 4089 823 4152 Urbe
837 4086 1010 4165 resideant,
1066 4108 1236 4170 eorumque
1250 4090 1380 4170 judices,
1397 4091 1581 4166 advocatos,
1603 4089 1834 4168 procuratores,

252 4189 478 4246 conmerernnt
512 4183 587 4248 dare
623 4188 807 4266 potestatem
834 4179 1012 4244 conferendi
1066 4183 1219 4263 notanus,
1235 4187 1393 4264 testesque
1403 4183 1415 4259 ‚'
1427 4187 1459 4246 ct
1473 4182 1551 4245 alius
1564 4179 1762 4262 hujusmodi,
1785 4196 1837 4241 re-

251 4270 403 4336 beneficia
416 4277 568 4342 vacantia.
592 4278 726 4340 Cbnkier
747 4274 788 4337 ud
805 4291 871 4356 reg.
887 4277 917 4336 l.
932 4274 1011 4336 Gan·
1067 4282 1229 4341 servantur
1242 4277 1435 4357 dispositioni
1459 4276 1549 4342 Sedis
1571 4274 1774 4358 apostolica:
1795 4292 1837 4336 ex

251 4365 357 4430 cellar.
372 4386 404 4432 n.
420 4373 469 4433 22.
485 4387 566 4436 vars.
582 4367 726 4435 Secundo.
743 4387 814 4432 oum
829 4368 907 4432 aliis.
1068 4371 1287 4434 constitutione
1303 4373 1353 4434 ll.
1378 4369 1547 4434 Alexandri
1568 4371 1620 4432 Vl.
1642 4369 1680 4432 Ia
1698 4367 1839 4431 raberti

292 4462 364 4524 464.
387 4461 579 4528 Collatioacm
599 4463 790 4548 pacandam
813 4459 1017 4544 &reficiamus
1069 4464 1165 4528 Sedis.
1189 4465 1208 4545 5
1227 4469 1258 4528 4.
1287 4483 1363 4546 quaes
1384 4461 1518 4530 habetur
1542 4469 1619 4530 tom.
1648 4467 1676 4527 4.
1704 4459 1839 4526 Bullarir‘

256 4551 341 4634 Papa
354 4553 411 4616 riti
421 4559 577 4620 reservavit
590 4560 699 4621 obbae
709 4555 901 4619 damaim
914 4554 1016 4616 cauti·
1068 4557 1205 4623 Rumori.
1660 4553 1663 4560 ’

256 4647 1016 4730 monomapaaaeaaramrseraaooecraotl’opoe
1087 4661 1089 4664 ’
1107 4658 1178 4719 442.
1201 4653 1247 4718 Ae
1259 4651 1396 4738 leufidc
1409 4671 1524 4733 eoram,
1542 4652 1597 4735 qai
1607 4669 1637 4716 se
1648 4669 1703 4734 pru
1715 4650 1782 4714 alisi
1796 4647 1838 4714 ud

256 4737 391 4822 merida
408 4743 543 4806 coemto
556 4753 681 4826 propter·
691 4743 843 4806 amoram
865 4741 1016 4824 torpidas·¹
1068 4747 1251 4813 obtinendum
1264 4745 1323 4809 illis
1339 4746 1516 4830 beneficum,
1527 4743 1833 4828 acuminisabjiciuut,

255 4835 405 4898 trames
421 4836 536 4918 racem
552 4840 715 4902 amoma·-
728 4841 820 4920 Resp.
836 4836 1017 4918 11.lnsuper
1069 4851 1123 4907 etc.
1143 4875 1183 4890 —
1211 4843 1315 4915 Sexto,
1337 4839 1491 4904 beneficia
1512 4853 1633 4916 eorum,
1656 4840 1708 4921 qui
1725 4857 1758 4900 sc
1776 4857 1835 4920 pro

254 4930 451 4995 calistianum
464 4933 674 5016 quorumdam·
682 4934 904 4998 beneficiorum
917 4931 1017 4996 cccle-
1070 4937 1150 5013 aliis,
1164 4938 1196 4999 in
1209 4937 1319 4998 ordine
1333 4935 1377 4998 ad
1388 4935 1591 5000 obtinendum
1605 4951 1661 5016 pro
1676 4933 1719 4997 eis
1736 4933 1835 4996 benc-

254 5023 447 5087 sinsticorum
468 5025 551 5107 Papa
572 5027 632 5088 sibi
653 5027 820 5092 resonavit
841 5027 956 5088 virtuts
970 5025 1017 5087 di-
1069 5030 1195 5105 flcium,
1220 5027 1355 5093 examini
1374 5027 1557 5108 subjiciunt;
1577 5026 1628 5089 vel
1648 5024 1700 5107 qui
1713 5043 1833 5088 annuas

257 5119 416 5179 vernarum
465 5119 717 5182 constitutionum
756 5119 1015 5201 apostolicarum,
1069 5125 1236 5205 pensiones
1257 5123 1392 5187 offerunt
1412 5139 1470 5204 pro
1492 5121 1718 5204 consequendis
1736 5120 1833 5184 benc·

258 5225 328 5288 quta
341 5228 406 5273 non
418 5215 616 5278 contuentur
635 5213 666 5276 in
681 5229 816 5294 corpore
831 5213 910 5294 juris
924 5231 1018 5276 cauo
1069 5216 1146 5279 liciis
1172 5224 1232 5281 etc.
1261 5235 1325 5280 non
1348 5217 1450 5278 solum
1471 5217 1539 5298 ipso
1559 5217 1630 5296 jure
1645 5219 1759 5292 vacent,
1776 5213 1832 5276 sed

257 5303 330 5366 ssiri·
343 5306 398 5375 dic
410 5303 525 5390 q'nipps
538 5309 611 5390 ipso
626 5311 695 5392 jure
707 5311 837 5385 ¹*aucant
859 5313 954 5390 atqua
970 5325 1017 5371 re·
1071 5307 1166 5371 etiam
1180 5307 1334 5371 cantioni
1353 5308 1485 5370 Romani
1502 5305 1660 5370 Pontificis
1672 5321 1828 5369 reservan-

260 5403 383 5467 sesrats
396 5409 470 5468 sunt
482 5402 555 5468 Sodi
568 5403 744 5488 apostolica
757 5401 923 5480 beneficia,
947 5419 1017 5485 qua
1071 5408 1145 5468 turs
1161 5419 1200 5469 ex
1213 5401 1431 5469 comtitnticns
1447 5404 1495 5466 42.
1510 5397 1598 5466 Pauli
1611 5399 1662 5466 ll.
1683 5398 1760 5464 luter
1771 5413 1823 5462 cs·
