4080 6064
331 333 370 396 ss
490 335 561 398 nn.
584 337 619 399 n.
642 337 849 401 nnenursn.
871 337 943 402 ιιι.
965 337 1029 400 xx.
1052 335 1300 402 nurusnuus
1321 323 1746 404 mompsuestenum.

331 463 396 526 est:
413 465 603 532 uliusseens.
615 470 672 532 Vel
684 469 734 532 dio
748 489 819 533 enrn
829 471 949 534 Abbate
962 471 1022 533 loe.
1040 470 1091 532 eit.
1144 475 1178 532 to
1187 469 1337 550 judiciali,
1352 471 1478 550 quando
1492 474 1540 534 esi
1557 471 1686 548 varium,
1709 489 1765 534 seu
1787 479 1910 535 contra-

332 573 363 616 ιι.
388 559 437 619 tl.
463 557 566 620 datam
588 561 742 622 rationem
764 561 943 641 procedere,
968 562 1093 642 meando
1146 563 1226 624 ιιίιιιι
1241 563 1334 642 priori
1345 563 1494 642 judiciali.
1607 602 1612 610 ·

262 697 264 702 ,
330 650 401 730 quis
414 657 508 734 negat
525 652 557 716 in
570 655 658 717 ¹laeto
679 655 814 736 proprio,
838 673 894 717 seu
914 655 1002 735 quasi
1025 673 1095 734 pro·
1186 657 1255 716 341.
1278 653 1417 737 Idemque
1429 654 1595 731 detendunt,
1610 656 1725 739 quoodo
1740 659 1816 720 testis
1828 667 1914 723 estro

330 745 410 824 prio,
435 746 465 810 et
486 749 683 828 praesumitur
705 757 863 830 appetere,
888 767 943 811 seu
966 749 1094 811 horrere
1144 747 1289 828 judicium
1308 749 1490 831 responderit
1509 751 1656 812 coenosis
1677 751 1763 814 diotre
1784 753 1916 835 inrjudr‘-

330 837 462 918 aliquid,
470 845 563 920 proni
575 842 689 904 ibidem
699 843 811 906 auoidii
822 863 829 918 ;
841 861 914 906 nam
923 847 997 906 tuno
1008 841 1096 904 obest
1147 842 1201 904 rio.
1218 875 1257 890 -
1270 844 1363 906 Addit
1377 847 1578 908 Covsrruriss
1598 847 1651 908 lib.
1675 849 1710 908 ll.
1736 845 1851 910 Vereor.
1869 867 1915 909 re-
2030 879 2031 900 ι

331 929 389 992 sibi
413 933 566 996 confessio
590 937 715 1016 propris
737 934 975 1018 exlrsjodieisiis
1002 943 1094 998 antea
1146 935 1232 997 solut.
1248 953 1316 1016 oep.
1333 955 1399 1001 xrn.
1416 956 1446 1000 n.
1469 944 1499 1002 7.
1521 943 1593 1019 posi
1615 940 1776 1002 Aretinum
1796 941 1910 1003 Consil.
2030 989 2031 998 .

330 1023 422 1100 faeta,
438 1035 469 1090 et
482 1030 606 1110 negatio
625 1030 777 1110 judicialis
800 1049 933 1110 sequens
955 1029 1095 1092 redditur
1146 1032 1195 1090 71.
1213 1027 1272 1089 eol.
1287 1033 1317 1090 l.
1341 1030 1551 1091 Alexandrum
1574 1031 1682 1092 consil.
1698 1035 1748 1094 63.
1772 1033 1826 1093 lib.
1842 1034 1864 1093 Ι.
1882 1035 1916 1094 el
2030 1055 2031 1092 ι

330 1128 487 1201 suametm
503 1123 575 1202 quia
586 1125 782 1205 presumitur
791 1125 870 1187 iaetu
880 1123 998 1186 ratione
1009 1143 1094 1192 emo-
1147 1121 1236 1194 ulios,
1260 1121 1472 1186 vacillaturam
1496 1141 1620 1204 quoque
1643 1123 1737 1186 fidem
1760 1125 1857 1200 testis,
1882 1131 1915 1188 et

314 1211 458 1276 'lomenti
473 1215 546 1279 iude
560 1217 684 1298 sperati.
696 1219 905 1281 secessuum
915 1216 1091 1298 dieendnm,
1147 1213 1272 1276 arbitrio
1283 1216 1396 1294 judicis
1410 1216 1476 1278 iore
1490 1217 1735 1292 diminuendam,
1747 1219 1871 1299 wando
1886 1221 1914 1280 is

328 1307 455 1385 qnando
470 1309 538 1389 quis
552 1311 721 1374 assumitur
731 1313 818 1375 testis
832 1311 864 1374 in
877 1311 957 1374 isoto
977 1311 1090 1387 alieno,
1146 1313 1232 1370 extra
1242 1307 1393 1388 judicium
1407 1309 1501 1374 stiam
1515 1305 1633 1392 absque
1651 1313 1829 1392 juramento
1848 1329 1915 1373 res·
2030 1307 2031 1310 ’

328 1397 412 1464 uude
426 1405 546 1466 nullum
560 1407 617 1468 sibi
631 1423 758 1488 sperare
775 1409 877 1488 polest
894 1407 1092 1470 commodum
1146 1402 1287 1482 penderit
1300 1405 1455 1466 contraria
1468 1406 1527 1484 his,
1553 1423 1622 1486 qnae
1642 1407 1708 1485 jorn
1732 1406 1913 1468 solemniter

328 1503 531 1560 eventorum:
556 1501 670 1562 dorum
692 1501 776 1563 onim
799 1504 891 1580 esset,
916 1503 1000 1582 quod
1023 1503 1091 1582 quis
1145 1495 1309 1575 injudicio
1332 1496 1460 1561 dixerat.
1486 1501 1553 1561 Non
1577 1499 1659 1561 enim
1683 1499 1805 1580 (inquit)
1829 1501 1912 1579 quis·

328 1603 367 1650 ex
389 1587 520 1673 simplici
547 1595 717 1658 assertione
744 1593 967 1675 extrajudioiali
995 1594 1091 1676 possit
1143 1589 1228 1672 piam
1251 1589 1380 1653 inficiari
1403 1595 1533 1673 poterit,
1558 1593 1642 1655 huno
1663 1596 1776 1656 testem
1800 1594 1912 1655 sallem

327 1683 520 1758 praeludere
534 1688 615 1750 dam
628 1689 765 1754 veritatis
784 1689 969 1773 indagandae
988 1692 1021 1752 in
1039 1691 1091 1770 io-
1144 1699 1212 1746 esse
1227 1683 1421 1762 mendaeem,
1438 1690 1468 1749 et
1481 1687 1613 1763 varium,
1629 1685 1735 1766 sieque
1749 1687 1822 1749 fidei
1836 1689 1912 1749 satis
2030 1713 2031 1722 ι

255 1815 257 1820 -
325 1773 418 1840 dloio.
1143 1779 1260 1852 ἀιδίως
1275 1779 1483 1844 etideoesute
1498 1797 1569 1842 oum
1585 1797 1622 1842 eo
1637 1781 1863 1861 satagendum,
1879 1783 1912 1844 et
2030 1859 2031 1862 Ἴ

364 1870 433 1932 339.
456 1869 589 1952 Objieies
604 1873 744 1938 alterium.
757 1877 790 1939 lu
804 1877 827 1940 l.
837 1876 900 1939 Εοι
913 1877 974 1959 qui.
990 1875 1022 1938 ff.
1038 1873 1090 1938 Ad
1143 1873 1237 1954 judex
1251 1873 1404 1936 discretus
1418 1872 1627 1947 arbitrabitur,
1650 1877 1797 1952 quantm
1816 1871 1910 1934 fidem

325 1963 379 2048 lep.
397 1966 514 2030 Cernat.
529 1969 567 2032 de
579 1971 676 2034 Falsis
689 1973 812 2051 dieitur,
839 1994 854 2030 (ι
873 1975 945 2051 Eos,
969 1972 1022 2052 qui
1043 1971 1089 2033 di·
1142 1973 1309 2044 mereatur,
1333 1972 1449 2030 attenta
1472 1965 1604 2047 negotii,
1627 1983 1851 2046 personarum,
1878 1969 1912 2030 et

324 2073 414 2119 verse
428 2057 510 2121 inter
522 2079 556 2123 ss
571 2065 746 2126 testimonie
767 2065 977 2143 prebuerunt,
1000 2065 1087 2144 quasi
1142 2061 1290 2142 temporis
1305 2061 1464 2142 qualitate.
1474 2059 1602 2122 Aoeedit
1614 2075 1705 2122 ossus
1713 2061 1911 2141 proximare-
2030 2063 2031 2090 ³

322 2149 434 2212 lelsum
448 2152 588 2233 iecerint,
606 2175 674 2219 esee
691 2159 882 2237 puniendos;
899 2179 913 2218 a
938 2177 1012 2238 ergo
1032 2177 1088 2221 ne·
1141 2156 1222 2217 lutus
1236 2173 1273 2218 ex
1288 2155 1340 2220 eit.
1358 2174 1384 2219 e.
1401 2153 1586 2219 Sioutnobis.
1604 2155 1635 2218 h.
1652 2159 1676 2218 i.
2030 2175 2031 2186 ¹

323 2261 384 2324 que
398 2239 544 2323 primum,
561 2253 849 2329 neque-seeundum
867 2251 983 2313 dietum
1001 2251 1087 2314 testis

321 2337 510 2401 variantibus
520 2341 612 2416 valet,
623 2343 696 2422 quie
710 2349 758 2408 est
770 2347 927 2407 convietus
942 2345 981 2422 de
994 2343 1083 2422 falso,

322 2435 414 2508 utque
428 2432 463 2495 ut
477 2433 546 2494 talis
569 2437 755 2515 puniendus.
779 2440 871 2519 Resp.
888 2457 959 2520 neg.
976 2455 1086 2500 eonse-

322 2528 429 2603 quent.
446 2526 490 2588 lbi
505 2527 621 2610 qnippe
635 2549 736 2594 senno
751 2539 799 2594 est
812 2533 851 2594 ds
869 2533 991 2595 dnobus
1011 2551 1085 2594 oon-

321 2618 422 2680 trariis
436 2621 619 2706 testimoniis
634 2625 714 2688 datis
735 2625 766 2687 in
790 2627 920 2706 judieio,
935 2633 1027 2705 prout
1048 2627 1086 2688 li-
1178 2614 1215 2660 ΒΕ
1234 2612 1380 2674 fflfflus’
1402 2610 1440 2656 ΒΕ
1461 2611 1671 2668 cfflumffl’
1693 2612 1731 2658 Π
1751 2611 1860 2658 “¹⁰³⁰

320 2717 447 2788 quetex
465 2715 653 2777 summario:
680 2717 710 2778 in
735 2735 797 2797 quo
820 2735 895 2780 essu
918 2735 980 2779 non
1002 2715 1084 2780 ere'di
1454 2719 1588 2766 fflffll'lss·

318 2805 464 2866 seuuudae
479 2804 675 2888 depositioni,
692 2829 764 2872 eom
777 2811 832 2874 list
852 2829 870 2872 a
892 2811 1030 2874 convicto
1044 2811 1084 2874 ds
1854 2880 1856 2883 ,

318 2895 408 2974 falso,
424 2899 503 2960 ultro
519 2907 566 2964 est
585 2903 758 2980 fatendum,
780 2905 977 2967 eonionniter
997 2904 1085 2966 dietis
1177 2901 1247 2964 333.
1274 2897 1368 2960 Testes
1381 2897 1415 2961 de
1427 2897 1558 2972 seientsb,
1574 2893 1648 2980 qui?
1660 2927 1700 2944 -
1712 2897 1867 2969 Ouoeriiur
1879 2900 1902 2960 l·

318 3007 410 3070 sopra
422 3011 456 3054 ῃ,
473 2995 752 3060 330,1ndeeom0n
765 2999 842 3061 nihil
862 2999 993 3061 inform
1012 3017 1084 3062 ooo·
1137 2994 1194 3067 Qui
1209 2993 1350 3056 dieantur
1371 2997 1466 3054 testes
1488 2991 1527 3052 de
1550 2991 1689 3062 scientis,
1712 2991 1751 3053 de
1774 2990 1906 3052 ereduli-

317 3091 365 3148 ιιι
378 3085 517 3148 nltimam
531 3091 772 3154 conclusionem.
1137 3094 1210 3163 tate,
1227 3091 1259 3148 et
1271 3086 1311 3147 de
1325 3086 1455 3147 auditui
1468 3085 1559 3165 Resp.
1576 3085 1600 3145 l.
1615 3086 1723 3146 Testes
1743 3083 1785 3145 de
1806 3084 1906 3145 seien-

356 3179 425 3240 340.
449 3180 553 3244 Primo
567 3181 705 3264 depositio
712 3185 819 3266 jorata
836 3185 988 3267 judio'ols's
1005 3185 1083 3248 debi-
1136 3181 1180 3246 tia
1193 3181 1338 3243 dicuntur
1351 3179 1405 3253 illi,
1422 3179 1474 3258 qui
1490 3179 1662 3259 deponunt,
1682 3195 1716 3240 ee
1736 3177 1815 3238 seire
1835 3193 1905 3236 rem

314 3269 419 3354 'litotw
444 3287 500 3352 per
521 3274 674 3338 samuelem
695 3276 869 3358 judicialem
891 3279 1081 3359 emtroriom,
1136 3275 1179 3336 its
1193 3279 1313 3353 gestam
1327 3290 1407 3346 esse,
1422 3289 1460 3333 eo
1475 3272 1558 3352 quod
1571 3271 1697 3352 proprio
1720 3287 1816 3330 sensu
1837 3285 1906 3330 eor

315 3361 437 3426 arbitrio
444 3365 567 3446 judicis.
586 3401 627 3416 -
640 3371 731 3451 Resp.
747 3373 796 3434 Ill.
812 3372 896 3434 lieet
914 3373 1013 3451 primu
1027 3373 1083 3434 de·
1135 3383 1242 3448 pereo,
1258 3385 1287 3427 V·
1305 3384 1335 3446 3·
1358 3367 1438 3444 visu,
1462 3367 1511 3428 vel
1532 3365 1642 3428 aldim
1664 3383 1734 3426 flam
1757 3381 1904 3445 ΡθΝθΡθ·

314 3457 427 3538 positio
447 3460 562 3538 jurata,
587 3467 619 3524 et
637 3462 805 3544 judicialis,
830 3483 888 3544 per
909 3465 1081 3528 seeundum
1135 3461 1210 3534 rint;
1226 3465 1311 3540 puts,
1327 3459 1458 3521 viderint
1471 3457 1615 3522 Titiums
1636 3457 1709 3519 Gaio
1733 3473 1801 3519 esse
1821 3455 1904 3518 oeci·-

315 3553 501 3615 eontrariam
523 3553 660 3618 totaliter
681 3557 820 3622 renouari
835 3577 905 3621 -non
924 3561 1031 3638 possit,
1047 3565 1082 3622 ut
1135 3569 1223 3628 sum,
1264 3551 1419 3614 audierint
1452 3571 1525 3615 eum
1552 3551 1840 3631 hlssslhflmflssffims
1871 3557 1904 3614 ⁰1

314 3645 431 3710 dietum
453 3667 485 3710 n.
502 3651 571 3714 330.
587 3643 787 3716 nihilominus
807 3655 908 3734 prima
929 3653 1080 3734 depositio
1133 3645 1321 3726 hujusmodi.
1337 3645 1421 3707 Scire
1436 3646 1519 3707 euim
1533 3645 1565 3706 in
1578 3645 1736 3725 proposito
1756 3643 1833 3704 illud
1856 3643 1904 3704 di-

313 3755 369 3819 ρει
382 3742 552 3804 secondom
566 3743 743 3824 jodioialom
766 3745 952 3808 contrariom
974 3744 1080 3808 debili.
1133 3739 1243 3812 eimur,
1258 3738 1298 3799 ad
1312 3737 1396 3817 quod
1409 3755 1573 3801 moremur
1585 3753 1780 3817 persensus:
1792 3735 1904 3798 ethaeo

313 3835 407 3906 lotor,
422 3851 459 3894 ao
473 3835 612 3899 redditur
626 3838 792 3918 plurimum
809 3841 971 3919 suspecto3
988 3845 1018 3900 ot
1029 3837 1081 3916 ju·
1134 3837 1181 3892 est
1194 3829 1324 3893 seientia
1344 3848 1414 3911 quae
1442 3829 1609 3911 requiritur
1636 3831 1669 3892 in
1690 3835 1779 3906 teste,
1797 3835 1832 3892 ut
1855 3829 1904 3889 in-

313 3923 374 3986 dex
394 3943 432 3988 ex
452 3925 700 4008 eimumstantiis,
723 3932 854 4012 aliisque
875 3930 997 3993 indioiis
1018 3929 1080 3993 dis·
1133 3923 1201 4004 quii
1214 3923 1319 3986 ΑΒΜ
1332 3944 1360 3987 0·
1376 3924 1516 3988 Litteras·
1533 3943 1565 3984 ¹¹·
1582 3927 1630 3987 ¹2·
1646 3921 1681 3985 d*
1703 3919 1903 4004 ijmndff

312 4029 441 4084 eernere
464 4020 600 4101 debebit,
621 4041 673 4100 an,
695 4033 727 4088 et
750 4033 865 4106 quanta
889 4026 923 4100 ei
940 4024 1018 4088 ddes
1041 4025 1080 4088 sit
1132 4019 1228 4097 quue
1250 4021 1336 4097 putei
1358 4035 1396 4080 ex
1419 4035 1490 4079 ⁰³11·
1516 4015 1692 4080 Hvrlssmvr·
1716 4017 1746 4077 3·
1773 4033 1803 4093 <l-
1820 4017 1850 4076 9·
1870 4021 1903 4076 0‘

311 4111 498 4178 adhibenda,
514 4119 559 4180 lta
573 4117 677 4180 Aphas
691 4119 724 4181 in
747 4137 775 4182 ο,
800 4119 862 4182 pe,-
875 4127 949 4182 roos,
972 4139 1003 4182 n.
1028 4124 1076 4183 ιι,
1132 4111 1243 4174 melius
1257 4129 1295 4172 ex
1308 4129 1378 4172 ean.
1398 4109 1503 4172 Testes.
1523 4110 1594 4172 ead.
1610 4127 1695 4172 esus.
1713 4111 1776 4188 3q.
1791 4113 1821 4170 9.
1845 4107 1904 4169 ubi

312 4203 349 4266 oto
362 4204 485 4270 Probat,
501 4213 561 4273 010,
580 4212 653 4275 com
675 4211 707 4273 ιη
722 4219 780 4273 ιω,
796 4230 829 4272 ῃ,
854 4215 883 4275 9,
900 4219 932 4274 or
953 4211 1079 4274 [solinus
1132 4205 1262 4266 dieitur:
1284 4205 1417 4266 «Testes
1431 4200 1903 4284 persenptursmtestimonium

312 4295 386 4360 ibid.
403 4317 436 4360 u.
452 4304 482 4363 l.
500 4302 531 4364 h.
549 4309 589 4376 t.;
605 4303 767 4385 Tyndarus
777 4304 828 4366 oit.
839 4305 892 4366 lib.
905 4307 928 4367 1.
940 4321 1076 4385 capno.
1131 4315 1194 4358 uon
1216 4295 1385 4378 proferant,
1410 4295 1467 4358 sed
1488 4291 1659 4375 praesentes
1682 4294 1721 4356 de
1744 4293 1804 4368 his,
1829 4309 1902 4372 quse

311 4407 342 4450 ιι.
359 4393 393 4464 3;
409 4393 559 4474 Bugelh.
569 4399 592 4458 i.
609 4415 640 4459 n.
656 4401 709 4472 563
726 4399 905 4461 Farinaeius
918 4398 948 4462 d.
966 4405 1074 4480 quaest
1131 4397 1293 4466 noverunt,
1311 4395 1343 4454 et
1356 4389 1511 4466 viderunt,
1523 4386 1902 4450 veracitertestimoninm

310 4485 360 4558 66,
381 4501 413 4546 n·
431 4490 499 4550 llil.
516 4489 654 4571 allegans
675 4491 763 4555 alios.
788 4493 882 4572 quue
905 4493 1078 4562 desumitur
1131 4485 1252 4547 dieunt:
1269 4483 1379 4545 nee-de
1402 4481 1470 4543 aliis
1494 4481 1605 4556 oausis,
1622 4481 1671 4542 vel
1693 4479 1828 4561 negotiis
1851 4479 1902 4540 di-

309 4572 462 4654 imprimis
476 4595 524 4644 ex.
541 4599 568 4643 u.
591 4581 751 4648 Praeterea.
772 4585 807 4648 de
829 4583 932 4648 Testib.
955 4585 1074 4667 repenti.
1129 4585 1199 4644 eunt
1222 4577 1443 4656 testimonium,
1467 4577 1526 4639 nisi
1549 4593 1618 4656 qum
1643 4575 1701 4637 sub
1730 4574 1901 4653 praeseutia

310 4670 438 4735 Aooedit
450 4677 552 4736 textus
566 4674 597 4736 in
612 4695 638 4737 o.
664 4677 750 4740 Sicut
771 4678 859 4741 uodr's.
875 4683 904 4743 9.
921 4678 953 4740 Ιι.
975 4686 998 4742 t.
1022 4677 1075 4740 ubi
1129 4689 1238 4734 eorum
1252 4677 1321 4734 seta
1344 4689 1411 4733 esse
1434 4675 1705 4752 cognoscuntur.»
1724 4667 1901 4729 coneordat

308 4763 440 4826 testibus
454 4767 608 4846 privatim,
624 4785 680 4831 seu
695 4771 1075 4851 extrajudieialiterdioen-
1128 4774 1230 4844 textus
1242 4767 1273 4826 in
1288 4766 1309 4826 l.
1329 4765 1465 4828 Tertium.
1477 4782 1506 4826 e.
1516 4761 1552 4824 de
1567 4760 1672 4824 Testib.
1690 4763 1797 4842 juncta
1812 4760 1899 4822 Gloe·

307 4855 401 4933 tibus,
418 4875 451 4921 se
473 4867 637 4938 corruptos
659 4862 780 4926 dedisse
803 4864 915 4926 falsum
937 4865 1075 4928 testimo-
1127 4879 1161 4923 sa
1175 4860 1339 4940 marginali
1353 4859 1429 4921 ibid.
1445 4861 1530 4920 reete
1544 4858 1684 4930 notante,
1701 4852 1786 4934 quod
1807 4853 1897 4914 testis

306 4947 404 5024 nium,
421 4957 534 5029 preter
548 4953 763 5033 paenitentiam
779 4955 822 5018 eis
836 4957 1071 5038 injungendum,
1126 4955 1240 5019 debeat
1253 4953 1383 5015 reddere
1401 4953 1553 5014 rationem
1576 4948 1650 5011 dieti
1674 4947 1720 5008 sui
1744 4963 1801 5026 per
1824 4963 1897 5007 sen·

303 5042 432 5120 jubetur
444 5043 558 5108 veritas
572 5046 738 5126 diligenter
757 5049 890 5130 inquiri:
915 5057 947 5114 et
967 5037 1073 5113 eonse-
1126 5067 1195 5112 sum
1209 5063 1404 5128 corporeum,
1420 5051 1495 5125 puta
1507 5061 1567 5122 per
1588 5042 1708 5118 visum,
1734 5039 1785 5102 sel
1805 5039 1896 5100 audi·

306 5141 784 5218 quenoereorumtestimooinm
801 5143 949 5222 judiciale
963 5143 1073 5206 debili·
1126 5150 1212 5218 tam,
1239 5143 1350 5222 quibus
1372 5138 1578 5202 communiter
1599 5152 1651 5197 res
1674 5139 1768 5215 geete
1791 5135 1894 5215 peroi-

303 5231 437 5314 tubutur,
454 5251 511 5296 seu
525 5238 703 5314 suspectum
717 5235 907 5300 reddebatur
919 5257 977 5319 per
999 5255 1071 5300 eon·
1124 5238 1268 5317 plantum
1294 5243 1347 5297 aut
1369 5230 1525 5313 loquendo
1547 5229 1587 5292 de
1609 5229 1668 5306 iis,
1693 5245 1763 5308 quse
1785 5233 1889 5306 gestu,

227 5352 245 5362 „
303 5325 432 5388 nerium
459 5327 577 5390 dietum
603 5327 741 5409 ipsorum
765 5329 973 5410 subsequens,
998 5332 1070 5396 lieet
1123 5329 1263 5405 odoratu,
1279 5329 1330 5392 vel
1343 5333 1426 5390 taotu
1440 5323 1662 5407 percipiuntur,
1683 5339 1739 5403 per
1761 5337 1890 5384 sensum

302 5413 395 5481 luerit
407 5419 558 5484 duntmal
571 5421 812 5502 extraiudieisle.
830 5425 914 5488 idern
934 5443 1020 5508 ergo,
1037 5428 1070 5489 et
1121 5425 1181 5487 illis
1194 5421 1471 5505 proportionatum.

301 5509 427 5604 quidem
442 5533 460 5580 a
473 5514 602 5602 fortiori,
619 5515 783 5583 dicendum
798 5517 838 5585 de
854 5519 991 5585 seeundo
1001 5519 1067 5586 die·
1164 5521 1233 5584 3⁴3.
1253 5511 1343 5582 Testes
1357 5514 1504 5580 ordinarie
1515 5511 1722 5598 requirentem
1737 5505 1830 5574 Testes
1847 5515 1889 5573 ts-

1475 2341 1620 2478 ιιι.Ι
