4064 6062
285 199 342 260 121
496 197 585 286 ‚le
609 200 644 260 ll.
666 197 877 261 uacuum.
899 199 970 261 ΤΙΤ.
993 201 1083 262 XXll.
1104 199 1155 262 ult
1176 199 1263 262 rme
1283 197 1644 264 msrnuuunronttlt.

285 335 425 397 Andreas
451 349 484 393 c.·
509 331 596 394 Sicut
616 337 654 392 tc.
676 349 707 392 n.
737 334 767 393 3.
797 337 829 392 et
851 329 955 393 Abbas
977 331 1051 394 ibid.
1107 331 1256 414 profanis,
1273 331 1453 394 68166116.
1477 335 1506 396 8.
1529 333 1612 414 §Nc
1631 333 1876 397 611νί11υεὶ166-

284 444 316 488 n.
334 428 381 486 te.
398 423 444 486 Nc
459 421 1056 502 Clericioetmooccdi,ctc.;Speculator
1107 423 1205 504 occdi,
1233 433 1288 486 etc.
1318 425 1412 503 Resp.
1441 426 1524 486 enim
1545 445 1615 488 cum
1636 427 1727 490 Joan.
1753 429 1878 492 Andrca

284 519 335 582 cit.
350 521 368 600 §
382 519 484 582 Restat
497 517 604 591 cidere,
620 535 652 578 n.
669 519 719 578 11.
736 525 767 578 61
786 535 871 598 seqq.
887 536 895 592 ;
914 517 1052 600 Pirbing·
1107 517 1182 579 ibid.
1199 537 1231 580 n.
1249 521 1277 580 1.
1294 519 1326 580 61
1339 517 1418 594 aliis,
1431 518 1513 580 istud
1523 513 1591 581 essd
1602 521 1727 600 quidem
1737 521 1879 586 illicitum

284 617 315 677 h.
331 621 369 689 t.,
384 632 416 676 6.
435 616 484 685 11,
501 610 643 692 quamvis
659 613 836 689 oppositum
853 630 921 673 esse
931 613 970 674 dc
982 613 1054 692 jure
1108 611 1196 672 dictis
1208 610 1336 683 clericis,
1347 627 1410 672 666
1421 615 1528 674 tamen
1537 615 1624 676 reddi
1637 616 1879 680 instrumentum

279 707 399 781 uenus,
416 705 797 770 censeaieard.Tusct1us
819 706 874 768 litt.
894 707 931 768 N.
952 707 1051 768 concl.
1107 703 1288 779 invalidum,
1314 703 1339 764 si
1361 723 1452 766 secus
1475 710 1644 771 attentetur
1667 729 1673 769 :
1700 711 1772 788 quia
1794 712 1879 773 istud

284 805 335 873 72,
351 821 382 863 6.
405 803 522 864 1613.
545 799 686 880 allegans
708 799 796 861 alios.
820 799 907 861 Ratio
931 802 1055 862 conclu·
1106 798 1221 866 ibidem
1245 817 1308 861 non
1331 797 1487 873 statuitur,
1512 817 1615 880 neque
1638 802 1789 882 ejusmodi
1814 805 1880 865 ins-

285 891 380 953 sionis
394 898 451 966 est,
473 891 557 969 quia,
579 895 614 952 ut
627 892 862 970 argumentatur
874 893 964 954 Joan.
989 897 1052 954 An·
1106 895 1297 954 trumentum
1310 909 1329 953 a
1342 891 1455 953 clerico
1470 891 1586 956 factum
1602 893 1778 957 declaratur
1790 895 1878 958 inva-

284 982 376 1046 dreas
390 983 496 1057 cit.,n.
508 985 538 1056 3,
549 982 610 1044 duo
622 985 803 1064 operantur,
817 982 900 1061 quod
909 985 1054 1046 credatur
1107 981 1220 1060 lidum,
1246 983 1301 1046 scd
1325 983 1391 1046 sola
1413 1003 1508 1066 poena
1531 985 1711 1064 privationis
1734 987 1880 1050 beneficii

284 1077 408 1156 publico
427 1077 643 1152 instrumento,
660 1091 772 1154 nempe
788 1076 945 1154 praestatio
962 1078 1052 1157 jure·
1108 1075 1219 1138 clerico
1234 1074 1421 1155 imponitur;
1446 1075 1528 1136 unde
1550 1075 1643 1137 aliam
1657 1078 1795 1140 invenire
1813 1097 1879 1140 nen

285 1171 380 1235 menti
395 1190 452 1250 per
465 1167 619 1230 notarium
634 1167 725 1245 facta,
742 1188 770 1231 c.
791 1169 843 1232 Ad
860 1170 1050 1234 audientiam.
1107 1167 1269 1232 debemus.
1284 1169 1386 1229 cNam
1397 1166 1651 1246 interpretatione
1660 1168 1766 1252 legum
1776 1187 1880 1248 poenae

288 1267 368 1344 l3.§
388 1264 450 1326 Nos
472 1261 564 1344 ipibcr
585 1260 620 1323 dc
637 1259 810 1344 Praescript.
834 1266 865 1327 61
888 1263 1054 1326 auctoritas
1107 1268 1179 1324 sunt
1193 1261 1367 1324 molliendas
1382 1261 1483 1340 potius
1498 1278 1591 1339 quam
1605 1263 1839 1340 exasperandae,
1861 1284 1877 1321 s

282 1355 448 1438 judicialia,
465 1373 560 1434 aqua
574 1355 712 1416 notarius
726 1355 819 1416 talem
829 1355 941 1436 recipit
955 1360 1054 1434 potes-
1108 1355 1269 1431 ut,dicitur
1288 1355 1309 1416 l.
1333 1353 1586 1434 Interprctetione.
1608 1353 1641 1416 ff.
1664 1353 1699 1416 de
1720 1355 1791 1437 dep.
1812 1355 1878 1437 jur.

285 1454 392 1522 tatem,
407 1453 499 1514 «Aut.
512 1450 550 1511 de
560 1448 823 1510 Tabellionibus.a
838 1451 896 1529 §t,
908 1449 1051 1512 6611611.
1108 1467 1181 1511 oum
1195 1445 1435 1510 concordantiis.
1451 1446 1610 1526 Simulque
1620 1449 1718 1511 multa
1731 1449 1798 1511 lieri
1809 1468 1881 1530 pro·

286 1543 378 1622 Atqui
401 1543 461 1604 hoc
483 1542 637 1624 posterius
658 1541 761 1603 deficit
783 1541 816 1602 16
838 1543 974 1620 notario,
1000 1539 1054 1623 qui
1108 1541 1265 1614 hibentur,
1288 1558 1358 1620 quae
1374 1539 1400 1601 si
1414 1539 1495 1602 faeta
1516 1539 1641 1619 fuerint,
1664 1541 1783 1604 roboris
1799 1541 1880 1603 obti-

285 1637 408 1702 conficit
421 1638 662 1699 instrumentum
673 1642 759 1698 extra
769 1635 958 1699 territorium
968 1655 1056 1700 cons·
1108 1640 1185 1695 nent
1205 1633 1409 1695 firmitatem:
1432 1650 1461 1694 c.
1482 1633 1535 1696 Ad
1552 1633 1748 1716 apostoticam.
1772 1637 1821 1698 16.
1841 1635 1880 1698 ds

284 1731 434 1794 tituentis.
459 1731 596 1802 Accedit,
619 1730 703 1808 quod
724 1731 862 1792 notarius
882 1749 945 1792 non
966 1749 1053 1793 exer·
1077 1795 1083 1806 ,
1109 1725 1280 1808 deputarit.

286 1831 355 1886 6661
378 1821 644 1904 jurisdictionem,
673 1839 742 1902 quae
770 1822 867 1901 possit
893 1811 1054 1904 prorogari
1148 1823 1218 1882 265.
1234 1815 1575 1899 laetamenicconsectc
1588 1837 1643 1900 per
1659 1819 1805 1882 61116νί66
1824 1841 1881 1902 pa·

288 1923 375 1980 extre
400 1917 590 1979 territorium
617 1915 656 1978 de
693 1935 845 1979 consensu
880 1919 1016 1996 partium
1045 1938 1052 1978 ε
1108 1912 1245 1982 sativum,
1260 1929 1299 1970 aa
1312 1909 1451 1972 valeant?
1464 1911 1563 1972 Error
1576 1913 1878 1994 1016661ιὲ161νῆ-

284 2011 381 2074 habet
400 2011 483 2072 enim
501 2011 650 2074 duntaxat
665 2012 802 2074 officium
823 2012 854 2072 16
874 2013 1052 2092 republica;
1110 2003 1182 2077 buit,
1197 2001 1363 2085 11114ηᾶ0·
1385 2035 1426 2050 -·
1447 2003 1600 2074 Ouaeriiur
1619 2007 1669 2068 ΠΙ.
1693 2007 1741 2067 An
1761 2007 1878 2069 instru-

285 2103 367 2164 unde
382 2108 414 2167 et
431 2121 568 2165 «servus
581 2102 723 2184 publicus
736 2126 751 2162 6
771 2104 959 2184 appellatur,
975 2105 997 2167 l.
1016 2107 1053 2169 ll.
1109 2103 1214 2160 menta
1228 2097 1368 2158 coniecta
1387 2115 1442 2176 per
1455 2097 1611 2159 notarium
1625 2100 1809 2176 putativum,
1824 2101 1880 2180 qui

285 2195 317 2257 it.
347 2195 420 2258 item
443 2193 556 2277 pnpilli
579 2195 691 2258 salvem
714 2196 789 2278 fore.
815 2201 847 2260 61
868 2216 937 2276 cap.
963 2215 996 2260 11.
1021 2197 1057 2264 de
1110 2191 1283 2254 inveritate
1298 2207 1362 2253 nou
1377 2191 1705 2269 estnotarius,tamcn
1720 2195 1878 2255 communi

289 2288 618 2368 1166116166166616
638 2289 747 2351 Glossa
765 2291 841 2352 ibid.
862 2309 943 2353 vars,
963 2292 1056 2355 Servo
1110 2282 1255 2362 opinione
1275 2287 1440 2362 reputetur
1460 2285 1540 2356 talis,
1561 2285 1625 2346 sint
1645 2286 1767 2348 validat
1790 2287 1879 2349 Ratio

284 2382 410 2464 publico.
427 2383 520 2463 Atqui
534 2382 712 2462 hujusmodi
727 2383 861 2445 officium
876 2402 938 2445 nou
950 2391 1056 2448 exten·
1108 2374 1282 2455 dubitandis
1299 2381 1330 2440 θῐ
1344 2377 1561 2439 affirmativam
1574 2377 1713 2454 iissfflffis
1730 2383 1789 2458 flflb
1806 2381 1880 2460 i{¹¹5³

286 2476 370 2540 ditur
382 2483 469 2537 extra
490 2476 675 2537 territorium
699 2477 924 2552 constituentis,
945 2497 1010 2558 arg.
1032 2475 1053 2538 1.
1115 2487 1230 2530 terror
1244 2471 1480 2549 communisjus
1494 2470 1604 2532 tribuit
1619 2491 1626 2531 t
1643 2494 1658 2531 u
1677 2477 1770 2552 prout
1782 2475 1881 2536 hahet

287 2568 383 2650 Proef.
413 2567 445 2628 ff.
470 2565 505 2629 de
535 2567 624 2648 offic.
650 2567 777 2631 Proecid.
799 2587 871 2630 cum
891 2569 1053 2632 similibus,
1110 2563 1270 2642 vulgatum
1285 2561 1418 2640 axioma,
1435 2570 1528 2641 atque
1539 2563 1713 2626 desumitur
1721 2581 1758 2627 ex
1768 2563 1789 2626 l.
1803 2565 1881 2627 Bur-

285 2663 423 2725 Tandcm
438 2661 554 2724 dictum
564 2660 660 2732 testis,
671 2661 854 2725 auctoritate
861 2661 1055 2743 judicislaici
1111 2653 1219 2717 bamus·
1233 2655 1266 2717 ff·
1282 2655 1317 2716 de
1332 2653 1419 2737 Offic·
1433 2664 1555 2737 proetor.
1572 2655 1624 2717 ubi
1639 2661 1707 2719 ueta
1719 2657 1881 2738 judicialia

285 2755 317 2816 in
346 2773 440 2816 causa
468 2753 676 2815 ecclesiastica
702 2754 838 2834 recepti,
867 2755 962 2818 fidem
993 2775 1054 2818 666
1108 2748 1190 2809 Servi
1217 2747 1358 2828 fugifilit
1387 2749 1441 2827 qui
1469 2748 1669 2813 nesciebatur
1694 2753 1765 2814 lilii
1788 2771 1879 2826 ⁸⁸80,

285 2845 357 2907 iacit
370 2845 402 2905 16
416 2845 483 2906 toro
503 2842 659 2920 Ecclesia,
684 2863 711 2908 c.
734 2845 778 2908 At
794 2846 823 2908 ei
839 2847 948 2910 clerici.
969 2851 998 2910 1.
1020 2847 1057 2912 de
1110 2843 1203 2920 siqua
1226 2842 1257 2902 in
1280 2847 1447 2921 praetOrem
1471 2843 1588 2904 electus
1610 2843 1728 2924 iuerat,
1752 2851 1881 2924 propter

283 2937 418 3012 dediciis,
435 2955 510 3018 ergo
524 2955 582 2999 nec
591 2936 703 3016 probat
713 2940 951 3004 instrumentum
962 2961 1057 3022 super
1110 2952 1307 2998 communem
1330 2951 1479 3011 errorem,
1503 2940 1598 3017 atque
1619 2937 1776 3018 publicam
1798 2939 1881 3001 utili-

285 3047 380 3092 66666
415 3031 622 3095 ecclesiastica
655 3031 770 3094 tactum
812 3053 866 3114 per
900 3035 1056 3097 66166616
1109 3031 1207 3090 tatem
1226 3029 1330 3091 valere
1352 3033 1528 3094 censentur.
1552 3031 1690 3106 Accedit,
1712 3031 1786 3112 quia
1810 3031 1881 3093 talis

285 3122 400 3185 laicum
416 3141 423 3185 :
441 3124 522 3186 valet
536 3124 618 3186 enim
640 3129 862 3203 argumentum
880 3147 899 3188 a
919 3133 996 3189 teste
1016 3129 1056 3190 ad
1109 3122 1248 3185 notarius
1262 3128 1309 3185 est
1323 3124 1356 3184 in
1371 3125 1458 3205 quasi
1473 3126 1669 3203 possessione
1685 3125 1777 3188 officii
1793 3131 1880 3186 nota·

286 3218 453 3292 notarium,
470 3223 653 3292 decontra,
671 3219 760 3298 juxta
779 3219 910 3282 dicenda
928 3240 960 3284 n.
984 3225 1053 3284 266.
1110 3216 1206 3278 rietus
1231 3235 1238 3277 τ
1265 3217 1418 3298 Simulque
1442 3217 1519 3278 nihil
1542 3221 1601 3292 851»
1625 3217 1710 3298 <1¹¹⁰d
1732 3217 1880 3298 impfliffl'

325 3311 394 3372 163.
410 3308 682 3385 Bc-coasnetedinc,
701 3311 729 3372 si
744 3312 875 3373 notarius
893 3313 1056 3394 imperialis
1109 3309 1206 3390 possit
1220 3310 1299 3390 parti
1315 3310 1433 3390 abipso
1444 3311 1672 3372 coniectionem
1682 3311 1880 3374 instrumenti

286 3399 421 3482 confidet
453 3401 676 3464 tastamentum
710 3402 741 3464 in
775 3403 863 3466 terris
896 3404 1053 3482 Emtestie,
1108 3403 1294 3484 postulanti,
1323 3405 1396 3466 cum
1418 3402 1477 3467 iste
1500 3403 1625 3484 publice
1647 3404 1802 3467 habeatur
1823 3423 1880 3483 pro

282 3492 414 3575 probem
440 3501 469 3556 ct
490 3502 616 3556 6661116.
641 3529 682 3543 -
703 3495 835 3559 Additur
856 3501 1000 3561 notanter
1022 3501 1054 3560 in
1108 3496 1241 3558 notario.

284 3587 498 3659 conclusione,
533 3607 548 3644 6
575 3593 713 3665 spectato
738 3588 810 3667 jure
838 3593 1051 3654 summonte
1148 3593 1217 3652 266.
1233 3587 1881 3670 Boonmestnrpumeatamctcstcednotn-

285 3681 375 3752 Nam,
391 3677 476 3758 quod
490 3697 580 3742 secus
593 3681 736 3743 accidere
750 3683 848 3761 possit
863 3683 902 3745 dc
923 3702 1054 3746 consue·
1108 3683 1186 3744 rium
1203 3682 1362 3764 publicum,
1385 3689 1414 3745 et
1434 3690 1559 3745 econtra.
1581 3715 1621 3730 -
1643 3680 1848 3744 Confirmatur
1869 3703 1876 3744 :

286 3771 409 3846 tudine,
440 3777 472 3832 61
497 3791 554 3850 per
577 3772 705 3834 tacitum
736 3791 923 3836 consensum
945 3795 1054 3858 supre·
1110 3777 1650 3857 quiabonnmestargumentuma
1672 3777 1880 3839 166166616-

286 3882 409 3926 morum
431 3863 627 3947 principum,
652 3867 733 3929 ultro
751 3867 931 3930 iaciendum
945 3878 1002 3934 cst.
1018 3873 1056 3934 ut
1108 3869 1356 3942 bellionem‚seu
1367 3868 1700 3951 notariumpublicum,
1712 3873 1881 3931 etecentra

285 3959 345 4021 hoc
368 3958 461 4019 modo
488 3957 1054 4040 videturintelligenduseard.'1us·
1109 3983 1175 4044 arg.
1212 3963 1233 4026 l.
1268 3963 1415 4025 Domitius
1441 3962 1547 4026 Labeo.
1576 3962 1609 4024 ff.
1639 3961 1675 4024 de
1705 3961 1878 4024 Testament.

286 4051 362 4112 chus
377 4049 429 4112 cit.
445 4051 544 4111 concl.
561 4053 610 4112 72.
628 4055 659 4112 et
678 4051 857 4114 Maseardus
875 4051 912 4114 dc
928 4051 1054 4118 Probat.
1105 4057 1214 4136 juncta
1242 4057 1349 4119 Glossa
1377 4055 1432 4118 lin.
1458 4054 1534 4119 ibid.
1559 4060 1760 4136 computante
1782 4055 1881 4117 tabel-

285 4143 469 4206 66661918.
495 4162 528 4207 n.
553 4147 601 4206 te.
625 4161 698 4204 cum
719 4145 860 4226 pluribus
884 4147 951 4208 aliis
971 4167 1057 4210 asse·
1109 4150 1225 4211 lionem
1238 4150 1270 4211 16
1284 4166 1417 4211 numero
1432 4150 1583 4212 testium:
1606 4157 1637 4210 61
1650 4151 1671 4209 l.
1687 4149 1755 4212 Hac
1772 4149 1884 4210 conmi-

285 4241 401 4310 166166,
423 4233 550 4313 quodsi
571 4237 1057 4316 notariusimperialisconiiciat
1111 4243 1231 4308 1166666.
1256 4243 1274 4323 §
1300 4243 1355 4306 tin.
1386 4261 1413 4304 o.
1443 4241 1478 4304 de
1507 4243 1676 4305 Testomcnt.
1706 4261 1744 4305 ac
1770 4247 1882 4306 notant

286 4330 528 4391 instrumentum
543 4330 681 4392 interris
701 4333 859 4406 Ecclesiae,
881 4335 1002 4417 probet,
1026 4341 1057 4400 ct
1110 4335 1253 4398 doctores
1267 4333 1341 4396 ibid.
1359 4339 1393 4395 ut
1406 4333 1501 4396 tason
1516 4334 1548 4395 d.
1563 4335 1585 4395 l.
1597 4333 1771 4397 Barbaricas.
1784 4339 1880 4398 616.

287 4427 431 4493 econtra3
448 4420 492 4482 uti
503 4421 710 4484 censuitltota
725 4423 821 4486 decis.
836 4429 866 4488 11.
889 4429 966 4489 alias
984 4433 1053 4494 est.
1109 4425 1299 4508 6660116.
1314 4435 1439 4508 praetor.
1461 4425 1555 4504 Atqui
1576 4427 1673 4504 testis,
1696 4427 1750 4507 qui
1771 4443 1885 4488 revera

285 4511 321 4572 dc
338 4509 414 4573 Fide
428 4510 609 4576 instrument.
630 4515 661 4575 in
677 4533 758 4577 6666
772 4535 784 4578 .·
799 4519 870 4597 quia
885 4520 1057 4602 (subjungit
1105 4526 1158 4583 est
1171 4519 1327 4599 inhabilis,
1343 4519 1500 4581 communi
1515 4527 1619 4582 tamen
1630 4521 1776 4602 opinione
1790 4539 1884 4600 repu-

285 4601 464 4666 Mascardus
480 4621 511 4664 6.
527 4603 592 4684 tt.)
612 4605 654 4667 ita
673 4607 774 4670 166611
791 4609 962 4674 inveterata
980 4631 1054 4674 con·
1108 4619 1192 4674 tatur
1215 4612 1346 4686 habilis,
1371 4613 1396 4674 si
1419 4613 1605 4676 adhibeatur
1626 4614 1657 4674 in
1681 4617 1881 4688 testamento,

287 4695 431 4767 suetud03
448 4698 482 4756 61
495 4698 668 4759 communis
682 4699 887 4765 observantia.
1110 4706 1223 4767 sufficit
1236 4705 1276 4766 ad
1290 4706 1384 4786 hujus
1393 4703 1596 4781 validitatem,
1611 4707 1633 4768 l.
1649 4709 1671 4770 l.
1689 4727 1716 4770 c.
1732 4707 1767 4770 dc
1782 4707 1882 4770 Testa-

327 4792 396 4851 set.
414 4788 544 4852 Clericus
558 4790 589 4851 in
602 4793 693 4854 sacris
711 4803 753 4856 eet
769 4795 963 4877 prohibitam,
985 4799 1054 4883 offi—
1109 4804 1198 4859 ment.
1222 4797 1290 4878 615
1310 4797 1372 4860 Sed
1390 4815 1455 4858 cum
1473 4797 1591 4880 uliquis.
1612 4798 1710 4861 Instit.
1732 4800 1804 4862 eod.
1828 4801 1884 4862 ubi

286 4879 363 4942 ce'nm
385 4879 548 4941 notariatus
571 4899 704 4946 exercere
728 4885 760 4946 in
782 4887 877 4949 166616
896 4889 1056 4972 61616616·
1110 4909 1219 4954 servus
1242 4891 1399 4952 communi
1428 4890 1574 4970 opinione
1601 4895 1762 4972 reputatus
1789 4891 1882 4966 liber,

286 4995 343 5036 666
358 4981 454 5035 mmm
466 4973 599 5036 redditur
613 4976 836 5040 intrumentum
848 4981 1058 5057 invalidam
1110 4988 1213 5064 potest
1226 4986 1257 5045 in
1271 4988 1458 5048 testamento
1481 5003 1549 5048 esse
1571 4987 1679 5064 testis;
1701 5003 1777 5067 ergo
1798 4985 1883 5047 idem

285 5087 363 5130 66666
376 5075 544 5130 6116616116.
561 5101 600 5116 -
620 5069 683 5132 Nec
702 5073 814 5148 obstat,
834 5078 917 5152 quod
936 5077 1056 5141 clericis
1109 5077 1277 5140 dicendum
1291 5081 1330 5142 de
1344 5098 1393 5154 co,
1416 5079 1470 5159 qui
1491 5081 1648 5142 communi
1668 5079 1885 5160 6616166666-

286 5161 319 5220 in
333 5164 429 5223 sacris
443 5163 605 5225 ordinibus
617 5166 801 5241 constitutis,
817 5169 875 5230 sub
884 5187 981 5250 poena
996 5171 1057 5251 pri-
1110 5171 1278 5252 putabatur
1304 5171 1442 5249 tabellio,
1472 5175 1579 5254 sicque
1606 5171 1741 5235 coniecit
1767 5171 1885 5234 instru-

287 5251 419 5315 vationis
432 5252 575 5317 beneficii
589 5256 782 5336 prohibitum
793 5259 841 5338 sit,
855 5262 989 5323 officium
1003 5281 1057 5326 no
1110 5267 1262 5327 mentum.
1274 5266 1448 5328 Vernmbis
1458 5267 1736 5342 nonobstantibus,
1748 5265 1883 5328 affirma-

288 5345 419 5409 tariatus
432 5365 578 5411 exercerc
591 5350 625 5411 in
639 5351 741 5414 causis
751 5355 984 5435 temporalibus,
1000 5375 1056 5420 seu
1112 5357 1176 5422 tiva
1188 5359 1341 5423 sententia
1357 5363 1464 5440 nequit
1482 5360 1657 5425 indistinete
1677 5361 1809 5436 admitti,
1825 5361 1884 5422 sed
