4026 6054
351 265 353 269 ’
477 277 564 358 §IV¹
587 277 637 340 llll
656 272 883 340 ensmttttnt
903 263 1187 348 CANONIGORUM,
1210 273 1292 337 E'lG.
1620 267 1675 331 111

88 415 217 496 juslihet
230 415 348 493 statuti,
365 415 420 476 661
434 411 679 491 consuetudinis,
700 411 780 474 ultra
798 415 861 473 tres
916 413 946 473 6.
962 410 995 470 1).
1014 411 1037 471 1.
1062 427 1133 470 cum
1152 406 1323 480 similibus;
1347 408 1458 485 estque
1482 404 1550 484 jam
1563 393 1682 465 dictam

92 527 229 588 meuses,
252 509 294 570 eb
312 508 430 570 eisdem
454 505 597 566 Ecclesiis
619 505 757 583 quolibet
781 521 863 565 enno
917 523 1011 583 supra
1025 523 1056 564 u.
1072 507 1102 565 3.
1119 504 1151 566 et
1165 507 1195 564 1.

93 605 225 664 abesse:
243 600 336 663 saltis
361 597 561 662 nihilomiuus
582 615 689 662 esrum
711 597 864 660 Ecclesiu-
959 600 1026 661 109.
1049 595 1143 678 nepos·
1158 595 1240 676 juris
1260 593 1419 672 communis
1443 611 1500 652 aaa
1523 590 1627 672 utique
1646 599 1688 652 est

93 714 162 756 rrrm
186 690 472 760 constitutionibus,
501 706 571 769 quse
599 687 723 768 lougius
750 689 865 751 seruitii
919 697 1134 772 aucreceptus.
1163 721 1203 736 -
1225 687 1356 750 Additur
1377 692 1482 748 tamen
1505 686 1537 747 in
1564 684 1688 748 conclu-

94 795 218 868 tempus
232 785 407 866 requhuut.
427 805 443 842 6
469 784 544 844 1166
565 782 618 844 ibi.
643 784 817 846 concordet
837 799 863 844 6.
921 787 1018 858 61666,
1040 783 1222 854 «06661616
1237 785 1284 841 est
1297 780 1336 841 de
1351 779 1690 860 rigorejuriscommu·

95 875 352 964 Conprimat.
369 884 401 940 et
413 895 482 957 cap.
499 877 665 956 66661111.
683 885 703 938 1.
720 881 788 940 etc.
801 877 868 940 Ec·
920 879 979 943 uis.
1002 900 1017 936 a
1042 875 1214 940 Fatendum
1235 874 1320 935 enim
1340 879 1397 945 est,
1421 873 1504 954 quod
1525 874 1611 953 rigor
1630 873 1688 934 iste

95 974 255 1056 tirpoado.
279 975 329 1036 30.
353 973 372 1052 ἓ
395 972 453 1048 (lui
472 989 549 1033 uero.
575 970 612 1032 de
634 969 787 1034 mutuo.
813 971 865 1033 ubi
919 973 998 1055 juris
1021 969 1172 1046 canonici,
1197 968 1337 1048 sacrique
1361 968 1481 1030 concilii
1504 967 1687 1039 tridentini,

96 1071 170 1132 satis
184 1069 352 1146 iudicetur,
368 1067 534 1130 canonicos
556 1083 624 1128 esse
646 1067 808 1130 adstrictos
828 1065 869 1129 ad
923 1083 986 1128 uon
1001 1063 1116 1143 ubique
1131 1063 1170 1124 sit
1183 1079 1241 1122 usu
1256 1063 1411 1140 receptus,
1428 1062 1476 1123 rel
1499 1061 1606 1122 saltem
1625 1076 1690 1120 non

98 1164 298 1245 personalem
314 1161 524 1226 residentiam.
924 1157 1001 1219 nibil
1033 1155 1190 1218 contrarie
1221 1154 1446 1218 consuetudins
1486 1157 1687 1236 temperatus.

135 1259 207 1319 1011.
231 1254 293 1316 Nec
315 1250 501 1332 mtasloeirtru
518 1270 579 1315 suae
602 1251 791 1334 ohlipotioai,
813 1253 873 1314 6161
925 1249 1003 1310 Nam
1017 1247 1130 1310 alicubi
1144 1248 1245 1308 solent
1258 1247 1384 1328 quidem
1403 1247 1543 1310 canonici
1566 1248 1692 1309 alternis

96 1353 216 1408 contest
228 1346 261 1406 ia
274 1345 370 1417 choro,
386 1355 544 1426 ceteroque
562 1345 662 1428 olfiu'u
683 1345 873 1427 pesouoliter·
925 1343 1054 1416 vicibus,
1070 1342 1179 1403 saltem
1193 1342 1225 1402 iu
1238 1341 1325 1404 festis
1339 1343 1617 1422 principalioribus,
1629 1341 1694 1404 uffi-

94 1447 254 1522 perupoat.
289 1438 436 1502 1161611116
462 1438 624 1500 admonitio
649 1439 745 1500 666611
771 1437 873 1502 carre
926 1441 1056 1504 uiatores
1083 1455 1188 1519 agere,
1218 1441 1313 1518 atque
1340 1440 1486 1518 episcopo
1515 1438 1694 1500 solemniter

95 1533 268 1598 ememor·
279 1533 376 1615 quood
392 1531 455 1593 166.
478 1563 519 1580 -
537 1535 631 1615 Resp.
653 1535 689 1595 ll.
715 1532 872 1604 Quantum
926 1531 1095 1596 celebranti
1109 1531 1264 1606 assistere,
1281 1539 1312 1595 et
1325 1532 1513 1608 ministrare,
1534 1533 1694 1594 ueletiam

97 1634 144 1689 est
159 1627 200 1688 de
214 1625 318 1707 rigore
329 1625 410 1704 juris
423 1621 608 1703 communis,
633 1624 786 1696 canonici,
811 1639 872 1686 616-
927 1627 1165 1708 antiphonarum
1182 1627 1268 1690 initia
1282 1627 1423 1688 canendo
1438 1627 1605 1689 inchoare:
1622 1627 1695 1688 reli·

100 1721 224 1800 torique
239 1718 378 1798 proxime
393 1719 577 1795 enumerati,
600 1735 664 1780 non
683 1717 873 1780 mtisfsciunt
928 1735 989 1799 qua
1008 1734 1082 1779 vero
1105 1718 1278 1780 constitutis
1305 1719 1433 1778 musicis
1459 1718 1507 1779 rel
1528 1717 1695 1800 capellanis

100 1833 166 1876 sua·
196 1811 379 1892 obligationi
406 1810 582 1874 exhibendo
610 1811 762 1874 dunmxst
784 1827 873 1872 suam
928 1813 1002 1886 suis,
1019 1817 1111 1874 cantu
1124 1811 1356 1890 prosequende,
1372 1828 1428 1871 seu
1449 1809 1629 1892 peragenda
1648 1828 1695 1872 re-

101 1906 304 1986 presentiam
331 1904 362 1964 iu
391 1904 498 1980 choro,
529 1904 587 1965 nisi
616 1901 708 1967 etiam'
736 1909 871 1977 6661661,
928 1905 1080 1984 linquere,
1096 1906 1191 1982 atquc
1205 1903 1330 1964 iuterim
1344 1902 1614 1982 meditansque
1635 1903 1696 1983 pri·

103 2005 283 2077 ceteraque
297 2003 445 2058 consuete
468 1995 567 2058 6111616
587 1993 675 2077 juxta
699 1997 873 2059 ordinatam
927 1997 1021 2060 vatim
1061 1999 1161 2059 Horas
1201 1998 1390 2074 canonicas,
1431 1999 1546 2060 aliasve
1585 2017 1695 2080 preces

102 2091 347 2154 alternationem
357 2087 562 2169 personaliter
571 2097 733 2170 peragant.
745 2091 790 2152 lta
801 2091 875 2151 Bar·
928 2091 1098 2165 recitando,
1115 2092 1209 2154 choro
1224 2093 1372 2155 decenter
1385 2093 1697 2172 utquerererentiali·

102 2186 179 2246 bose
199 2179 874 2264 6666611606666161.6.13.66166666
928 2192 976 2248 ter
998 2187 1168 2249 assistere:
1197 2184 1291 2265 idque
1323 2187 1366 2247 sic
1398 2186 1594 2265 permittente
1627 2187 1698 2247 lon-

102 2277 346 2342 declarstionem
360 2289 457 2336 secrae
477 2277 728 2357 congregationis
742 2279 874 2357 consilii,
929 2297 1017 2361 gera
1032 2279 1267 2358 consuetudine,
1279 2298 1346 2360 erg.
1364 2299 1432 2360 cap.
1449 2281 1505 2342 ult.
1520 2279 1556 2342 de
1571 2279 1696 2344 Consue-

103 2374 163 2433 sub
176 2371 230 2433 die
243 2374 283 2434 10
295 2369 401 2448 aprilis
416 2373 740 2450 ttitlt,·respundentis
754 2389 809 2435 eos
831 2379 877 2436 to-
931 2372 994 2436 ted.
1010 2390 1087 2444 cum,
1097 2371 1261 2434 similibus.

103 2467 170 2528 neri
199 2465 327 2526 omnino
354 2464 507 2542 psallere3
531 2465 669 2545 alioquin
694 2467 874 2548 obligationi
970 2467 1039 2529 110.
1068 2463 1203 2545 Voletque
1223 2466 1373 2528 coenaria
1395 2465 1577 2529 consuetudo.
1602 2499 1641 2515 -
1662 2470 1701 2529 111

104 2581 170 2624 suae
199 2579 261 2621 non
295 2559 481 2623 satisfacere.
519 2562 684 2641 Fagnanus
718 2579 746 2624 6.
783 2563 872 2641 Licet,
930 2557 1058 2639 quidem
1086 2557 1265 2637 hujusmodi
1293 2558 1551 2627 consuetudinem
1580 2559 1698 2634 valere,

103 2675 135 2716 n.
152 2657 204 2725 89,
219 2651 254 2714 dc
267 2650 434 2730 Proehead„
450 2669 593 2714 assereus
607 2654 738 2716 66116616
753 2656 813 2717 boc
829 2655 878 2716 di-
931 2656 1038 2714 censet
1051 2651 1219 2727 Geranios,
1235 2658 1309 2713 tom.
1332 2653 1367 2714 ll.
1393 2657 1426 2713 ot
1443 2651 1561 2714 1161νί6.
1586 2651 1699 2714 Miasol.

104 2749 240 2826 ligeuter
253 2745 394 2807 discusso
408 2746 439 2806 16
453 2747 610 2808 canonicis
628 2748 764 2812 basilica
779 2737 878 2812 sancti
933 2748 1007 2805 teol-
1026 2745 1246 2830 16666111.
1268 2743 1305 2805 V·
1328 2763 1360 2807 n.
1384 2750 1415 2807 l·
1438 2763 1571 2808 monens
1594 2754 1701 2808 tumen

104 2840 190 2902 Petri
204 2839 244 2900 de
258 2837 355 2910 Urbe,
370 2838 412 2898 116
426 2837 601 2901 declarasse
616 2857 736 2902 sacram
750 2860 879 2924 congre·

105 2931 265 3012 gutiouem
279 2931 331 2992 die
345 2933 393 2992 te.
417 2932 595 2994 novembris
616 2937 714 3008 taem
739 2935 876 3013 Garoias,

105 3031 187 3105 part.
202 3025 253 3087 lll.
268 3023 305 3085 de
318 3021 484 3104 Beneficiis,
501 3043 570 3107 cap.
592 3043 627 3104 ιι,
653 3046 684 3089 6.
710 3031 781 3106 eet,
805 3031 876 3106 315,

106 3124 139 3181 61
153 3135 241 3198 seqq.
259 3117 400 3198 allegem
418 3119 523 3198 plnres
541 3120 720 3200 hujusmodi
739 3121 880 3184 declara-

105 3214 220 3274 tiones.
235 3209 334 3288 quue
347 3211 430 3272 clere
443 3215 531 3291 petet
543 3230 583 3274 ex
602 3214 732 3276 66661116
751 3215 880 3276 Triden-

106 3303 241 3366 1166611.
259 3305 401 3366 666621.
424 3315 494 3384 casp.¹
513 3321 567 3379 ιιι,
586 3306 605 3384 ᾗ
625 3305 728 3369 Omnes
747 3325 824 3369 aero.
846 3306 883 3367 de

107 3397 258 3478 Resona,
274 3397 307 3458 in
324 3395 394 3458 heo
413 3397 511 3460 verbu
531 3405 707 3463 statuente:
734 3421 749 3458 u
766 3402 882 3462 Omnes

108 3508 184 3552 veru
204 3489 308 3550 divim
329 3507 385 3568 per
403 3507 448 3564 se,
470 3497 501 3554 et
526 3509 590 3552 non
611 3510 668 3572 per
689 3493 881 3566 substitutos,

110 3583 340 3664 compellantur
354 3582 443 3646 obire
458 3585 569 3660 officia,
586 3592 617 3648 et
635 3587 780 3668 episcopo
801 3586 882 3647 cele·

109 3677 226 3756 brenti,
243 3683 299 3739 aut
321 3675 381 3738 elia
400 3677 588 3758 pontificalia
609 3679 765 3740 exercenti
788 3679 885 3741 adsis·

110 3779 188 3848 tare,
206 3774 239 3832 et
251 3767 402 3830 inseruire
416 3787 424 3828 ε
440 3774 534 3847 atque
554 3769 587 3829 16
608 3769 714 3842 choro,
740 3770 780 3830 ad
802 3770 885 3850 psal-

108 3865 243 3926 lendum
269 3861 419 3934 instituto,
448 3863 583 3942 hymnis,
614 3867 646 3925 61
672 3863 801 3925 canticis
828 3865 884 3941 Dei

108 3975 228 4019 nomen
241 3961 433 4021 reverenter.
448 3955 604 4030 distincte,
620 3958 798 4037 devoteque
818 3959 885 4020 lau-

109 4053 199 4112 dare.
216 4069 233 4108 r
250 4047 339 4112 Unde
353 4055 479 4109 sanctus
497 4049 625 4110 Carolus
643 4051 839 4112 Borromens
853 4053 885 4112 in

110 4143 321 4206 iterationibus
347 4140 387 4202 cd
412 4140 586 4221 Corconiana,
610 4159 667 4221 per
693 4145 884 4218 herbosam,

111 4244 193 4317 part.
210 4236 261 4298 lll.
277 4233 313 4296 de
326 4233 413 4316 Offic.
426 4241 455 4295 et
466 4243 572 4316 potest.
587 4235 741 4318 Episcop„
758 4237 883 4318 alleget.

110 4331 163 4404 53,
178 4331 253 4409 post
265 4347 298 4388 6.
315 4330 382 4392 181.
399 4326 516 4403 relatis,
542 4327 623 4391 inter
644 4330 703 4391 alia
723 4329 766 4392 sic
785 4330 887 4410 loqui·

110 4427 185 4483 tur:
206 4419 310 4493 «Vos,
327 4419 427 4498 quiin
440 4418 610 4482 cathedrali
631 4421 769 4483 Ecclesia
788 4421 888 4501 digni·

112 4519 195 4585 16166
220 4513 383 4590 obtinetis,
413 4514 556 4575 canonici
583 4514 658 4576 item
685 4545 724 4561 -
751 4517 884 4588 attente,

111 4605 268 4680 studiose,
287 4605 357 4681 rito,
382 4606 444 4686 pie,
469 4607 614 4687 religiose
636 4609 756 4670 (1161666
778 4608 888 4671 laudes

110 4697 354 4770 concelebrate3
385 4704 415 4757 et
434 4697 556 4776 psallite
576 4699 642 4761 Deo
665 4701 697 4760 in
719 4706 887 4780 conspeetu

110 4791 311 4872 angelorum,
327 4794 488 4850 cantantes
502 4789 534 4848 in
548 4789 693 4852 cordibus
708 4791 889 4852 6661616116-

112 4883 211 4943 mino.
227 4884 263 4944 16
279 4880 374 4942 choro
388 4899 483 4943 nemo
501 4883 657 4961 privatim,
682 4901 774 4944 nemo
797 4882 888 4945 tacite

111 4977 253 5038 officium
268 4974 395 5047 recitet;
420 4974 475 5035 sed
490 4993 598 5037 omnes
611 4977 741 5055 pariter,
758 4976 888 5055 quicun-

110 5086 177 5148 que
205 5065 334 5140 adestis,
364 5083 456 5128 senes
477 5085 550 5128 cum
567 5067 743 5146 junioribus
764 5067 890 5130 laudate

109 5177 231 5222 nomeu
247 5158 371 5220 Domini
386 5159 418 5219 in
436 5160 580 5240 psalmis,
599 5161 736 5240 hymnis,
762 5170 794 5225 et
816 5181 891 5224 can.

111 5253 196 5315 ticis.
221 5274 238 5312 6
262 5253 336 5312 Hac
358 5251 420 5314 ille.
444 5253 570 5314 Accedit
595 5253 693 5315 ratio:
717 5253 892 5334 661611661-

110 5349 185 5410 dere
198 5345 370 5408 nihilsliud
382 5347 440 5421 est,
451 5363 547 5424 6666]
561 5346 705 5410 1166166166
720 5349 892 5427 personali-

112 5447 164 5504 ter
171 5439 331 5502 deservire
341 5437 371 5500 16
382 5437 494 5501 (11ιί616
504 5439 661 5516 officiium.
680 5439 888 5523 Conquereate.

933 2839 1108 2918 episcopos,
1124 2855 1165 2901 66
1185 2835 1240 2900 flat
1260 2837 1388 2900 abusus.
1412 2839 1550 2914 11666166,
1573 2845 1654 2920 part.
1677 2843 1699 2902 l.

932 2934 987 2996 111).
1003 2933 1041 2995 X.
1057 2949 1125 3013 cap.
1142 2947 1185 2993 ιι.
1202 2935 1303 3012 quaest
1315 2937 1353 3007 5;
1375 2935 1510 3009 hessius,
1532 2935 1587 2998 lib.
1610 2937 1645 2996 ll.
1669 2933 1703 2996 ele

933 3025 1035 3090 tatic
1050 3032 1078 3086 61
1087 3021 1153 3105 jor.
1169 3041 1237 3104 cap.
1253 3041 1354 3099 sxrrv,
1369 3025 1468 3088 dubit.
1493 3029 1542 3089 33.
1566 3045 1599 3088 6.
1623 3029 1700 3102 185;

934 3119 1072 3190 (tercias,
1087 3119 1169 3197 pert.
1184 3119 1232 3180 lll.
1247 3115 1282 3179 de
1295 3117 1425 3200 Benefie.
1443 3137 1512 3199 cap.
1527 3137 1561 3182 ιι.
1578 3139 1611 3182 6.
1632 3125 1700 3184 511.

935 3229 971 3273 66
986 3227 1073 3292 seqq.
1088 3229 1096 3284 ;
1114 3210 1243 3290 Sennig,
1260 3212 1292 3273 h.
1308 3213 1331 3274 t.
1348 3230 1416 3292 cap.
1434 3229 1475 3286 ιι,
1490 3231 1522 3275 6.
1538 3215 1576 3286 9“;
1597 3215 1703 3277 Castro

935 3303 1041 3377 Peleo,
1057 3309 1137 3385 part.
1154 3305 1190 3381 ll,
1205 3303 1286 3384 disp.
1302 3307 1332 3381 3,
1349 3309 1456 3385 punct.
1473 3309 1503 3382 3,
1521 3325 1552 3369 6.
1567 3310 1617 3384 55,
1638 3309 1706 3387 plu·

936 3411 1049 3473 resque
1064 3392 1115 3456 elii
1130 3393 1171 3456 ab
1183 3393 1232 3456 his
1253 3395 1347 3459 citati.
1371 3397 1500 3460 Accedit
1519 3399 1609 3474 ratio,
1633 3401 1705 3480 quia

937 3486 1006 3550 tatis
1020 3489 1213 3549 consuetudo
1228 3507 1289 3550 666
1305 3495 1353 3554 661
1365 3499 1473 3554 contre
1488 3491 1536 3571 jus
1550 3493 1705 3570 naturale,

938 3578 1151 3655 6616166666,
1167 3583 1223 3643 sed
1241 3586 1349 3646 contra
1363 3587 1606 3650 ecclesiasticum
1626 3589 1707 3650 dun-

938 3677 1042 3744 tsxet;
1059 3689 1133 3752 ergo
1149 3673 1303 3738 subintrat
1316 3677 1476 3759 dispositio
1499 3697 1567 3760 cap.
1592 3681 1648 3742 ult.
1673 3679 1708 3744 de

940 3764 1117 3828 Conasctcd.
1146 3766 1190 3827 Eo
1219 3771 1402 3847 praesertim,
1432 3771 1505 3851 quia
1530 3773 1708 3854 hujusmodi

940 3857 1132 3920 consuetudo
1159 3877 1223 3921 non
1247 3868 1293 3924 est
1316 3872 1423 3926 666166
1451 3865 1624 3942 rationem,
1649 3886 1708 3932 nec

941 3949 1078 4013 continet
1095 3951 1339 4031 turpitudinem
1364 3957 1442 4036 quin
1462 3960 1565 4040 potius
1587 3962 1709 4025 ridetur

940 4060 1124 4124 promovere
1140 4044 1298 4121 decorem,
1322 4055 1416 4131 atque
1439 4053 1637 4132 splendorem
1658 4075 1710 4119 ec-

940 4135 1118 4206 clesiarum,
1135 4135 1194 4198 hec
1208 4139 1328 4200 6611666
1342 4143 1444 4205 varios
1457 4145 1640 4209 habentium
1655 4151 1711 4210 mi·

941 4229 1054 4290 nistros
1075 4227 1115 4288 ad
1141 4231 1257 4292 cultum
1284 4231 1422 4295 divinum
1449 4237 1624 4317 d'eputatos,
1654 4262 1711 4321 per

941 4338 1020 4400 quos
1035 4321 1129 4383 etiam
1143 4323 1284 4384 divinum
1302 4324 1438 4390 officium
1462 4333 1710 4412 megnilicentius

941 4423 971 4478 et
986 4417 1112 4478 suarius
1126 4417 1283 4481 decantari
1297 4420 1386 4496 66161,
1401 4441 1474 4484 cum
1489 4427 1630 4488 canonici
1652 4446 1712 4488 sae·

941 4509 1011 4590 pius
1025 4527 1115 4585 voce,
1130 4511 1293 4592 suavitate,
1310 4515 1358 4574 vel
1377 4517 1486 4596 peritia
1505 4521 1636 4583 canendi
1657 4541 1709 4584 ca·

941 4603 1289 4681 mantuanorum
1309 4608 1427 4690 XLIV.)
1528 4633 1535 4648 ·

982 4697 1051 4758 111.
1075 4695 1197 4777 Dejcte
1209 4701 1356 4761 communi
1367 4709 1497 4766 teneatur
1509 4709 1642 4772 66666161
1653 4730 1710 4772 om-

942 4787 1027 4848 at'bus
1040 4787 1118 4849 116616
1132 4788 1308 4872 sinqulisque
1322 4793 1420 4856 diebus
1434 4798 1580 4876 interesse,
1596 4811 1714 4886 eccepto

944 4880 1096 4942 trimestri.
1112 4913 1152 4928 -
1166 4881 1258 4963 Resp.
1274 4885 1323 4946 ill.
1340 4888 1383 4949 lle
1399 4889 1470 4968 jure
1490 4895 1647 4954 communi
1669 4902 1714 4958 te·

944 4979 1059 5035 nentur
1073 4973 1201 5035 ulterius
1215 4977 1354 5041 canonici
1370 4983 1512 5044 omnibus
1526 4975 1627 5061 Horis,
1653 4989 1715 5048 sin-

944 5063 1088 5150 gulisque
1103 5068 1214 5130 diebus
1234 5071 1396 5154 interesse,
1418 5082 1546 5157 excepta
1566 5080 1711 5145 trimestri
1843 5099 1846 5106 '

945 5164 1084 5244 proxime
1099 5163 1299 5228 declarando.
1323 5170 1368 5230 lta
1388 5170 1537 5250 Barbosa,
1561 5177 1640 5253 part.
1665 5177 1712 5238 111.

944 5257 980 5320 de
995 5257 1084 5338 Offic.
1101 5266 1129 5318 et
1141 5265 1245 5338 potest.
1260 5262 1386 5344 episcop.
1398 5261 1520 5342 alleget.
1532 5269 1582 5344 52,
1594 5287 1626 5329 6.
1639 5271 1712 5345 133;

945 5349 1084 5426 Garoias,
1100 5349 1153 5412 cia
1169 5369 1238 5430 cap.
1255 5367 1288 5413 ιι.
1306 5372 1336 5415 6.
1353 5355 1422 5428 311,
1437 5357 1508 5418 325.
1525 5365 1556 5420 et
1570 5377 1671 5442 seqq„
1684 5363 1715 5426 id

945 5442 1113 5505 desumeus
1136 5463 1174 5506 ex
1194 5445 1298 5507 verbis
1322 5447 1442 5508 concilii
1470 5451 1659 5533 Tridentini,
1682 5459 1715 5522 d.
