4008 6074
276 351 283 366 .
313 271 374 336 aaa
489 271 560 333 ure.
582 271 617 332 u.
639 269 849 332 baernum.
868 267 941 332 err.
963 268 1066 334 xxix.
1088 264 1140 334 en
1159 265 1328 334 aeremia
1347 263 1708 334 ranaenmarrnuus

312 403 392 468 euti.
420 421 453 466 n.
477 409 508 466 ’1.
532 401 663 466 Iauoleni
681 402 746 466 ibid
765 421 798 466 n.
829 407 878 466 l8.
907 409 939 466 et
964 407 1013 468 il.
1044 412 1075 468 et
1128 403 1474 482 orasjnssiones,reto.
1491 401 1592 466 aellet.
1608 401 1638 466 a.
1654 403 1886 484 proridostatu·

313 499 522 562 Alexandrum
546 516 579 559 n.
603 499 652 560 alte
678 503 715 559 at
736 513 823 576 seqq.
848 493 1010 560 dadonem
1028 501 1075 561 ab
1129 507 1196 563 tum
1209 498 1277 576 tuit,
1291 497 1463 578 ntipslmet
1474 495 1611 578 judiees,
1627 499 1885 563 emissisrolalio

188 619 192 628 ·
312 595 402 659 fert:
430 594 503 674 quie
524 595 551 655 u.
574 593 671 674 Super
695 595 897 675 ρρωειίορριηι.
919 596 939 674 g
959 595 1013 658 fin.
1040 595 1076 658 da
1129 593 1232 666 nibus,
1247 605 1374 654 eausam
1388 592 1524 672 periente
1539 593 1758 666 examinatam,
1769 601 1889 656 senter-

229 737 231 742 .
315 689 401 771 offla
418 688 540 770 delepot.
567 688 692 762 dieitur,
709 688 734 749 oi
752 689 850 768 judex
864 693 1012 768 tanquam
1026 703 1076 749 su·-
1128 688 1243 751 tiallter
1271 687 1453 760 terminent,
1482 702 1615 766 eamque
1637 687 1813 750 executioni
1841 688 1887 750 de-

313 791 438 866 speetus
451 785 562 846 marite
575 789 746 855 recusetur,
759 785 791 846 et
803 789 908 845 tamen
921 783 1076 844 recusato
1129 782 1296 854 mandent;
1319 781 1377 842 nisi
1397 785 1521 861 partes,
1544 793 1613 861 qne
1635 798 1693 862 per
1707 783 1886 845 sententiam

314 893 378 942 non
392 875 580 952 admittaturt
596 893 688 957 pesae
711 877 880 958 appellari;
901 875 1076 956 oqnndqua
1129 890 1198 936 sese
1221 881 1363 955 maetas
1383 881 1522 950 densent,
1537 876 1578 938 eb
1591 876 1703 938 eadem
1716 873 1887 957 appellere·

314 979 385 1054 post
407 974 647 1055 appellationem
667 971 845 1051 hujusmodl
867 977 914 1034 est
927 983 1077 1052 presume
1128 968 1199 1031 mot.

313 1075 413 1150 plnum
434 1068 567 1149 judiearl
589 1065 704 1128 dehere
726 1065 847 1128 irritum
872 1071 903 1128 et
923 1064 1014 1126 inane
1031 1077 1072 1125 rr
1167 1067 1236 1127 331.
1261 1063 1388 1126 Lr'ritum
1401 1071 1495 1128 tomen
1508 1073 1560 1140 est,
1576 1065 1608 1127 iu
1621 1065 1797 1149 dutiojum'r
1809 1068 1884 1149 prio

314 1181 401 1244 ergo,
411 1166 595 1244 argumente
604 1175 622 1224 e
632 1173 724 1224 senen
734 1159 887 1230 eonbariu
896 1157 1072 1239 desumpto,
1127 1158 1219 1240 cipere
1232 1159 1405 1222 cumulem.
1417 1160 1618 1222 -eaerum
1633 1163 1755 1224 hismari
1770 1163 1886 1224 obstan·

314 1262 402 1332 geste
420 1261 491 1337 post
511 1255 751 1325 monterionem,
765 1261 871 1317 tamen
886 1257 959 1316 ante
972 1252 1076 1333 appel·-
1127 1251 1211 1317 tibus
1231 1253 1349 1316 licitum
1371 1257 1428 1329 est,
1449 1256 1481 1316 in
1503 1255 1597 1318 dubio
1608 1257 1703 1337 juris,
1719 1261 1887 1338 praesertim

312 1351 471 1422 lationem,
487 1367 551 1412 nun
565 1353 637 1412 sarni
650 1350 735 1412 irrita
747 1350 815 1428 ipso
826 1349 908 1428 jore.
1064 1373 1069 1384 ·
1130 1349 1170 1410 ab
1189 1365 1327 1428 pugnarn
1347 1349 1519 1423 rationum,
1544 1355 1599 1414 aut
1620 1351 1789 1414 verborum
1816 1353 1887 1432 legis

354 1431 424 1508 328.
446 1441 541 1518 Siout,
553 1444 606 1522 qni
621 1441 815 1525 distinguant
828 1443 910 1505 inter
920 1442 971 1521 jus
984 1452 1076 1502 eane
1128 1440 1361 1521 ambiguitatem
1385 1442 1559 1521 subortam,
1575 1444 1748 1524 prinoipem
1770 1445 1887 1508 eonsul-

314 1540 430 1613 nioum,
447 1542 479 1601 ot
492 1537 599 1600 civile:
616 1541 648 1600 at
661 1537 832 1600 seeundum
845 1538 905 1598 hue
919 1543 1074 1610 esserunt,
1128 1538 1206 1609 tare,
1221 1541 1257 1596 nt
1277 1535 1464 1616 respondeat
1487 1553 1582 1617 super
1600 1537 1652 1598 illo
1667 1537 1760 1600 dnbio
1777 1543 1886 1620 punctu

313 1647 376 1694 nen
391 1630 494 1694 velare
509 1631 657 1692 attentato
667 1635 738 1708 pust
746 1626 982 1704 recusationem,
994 1628 1076 1691 bene
1128 1625 1216 1706 juris.
1241 1627 1413 1705 Siquidem,
1435 1629 1537 1691 stricte
1550 1629 1718 1710 loquendo,
1740 1635 1886 1696 consalta·

313 1727 418 1789 lernau
431 1713 569 1803 spectato
584 1723 656 1800 jure
669 1723 837 1798 canoniea}
854 1738 910 1802 pru
926 1733 988 1802 qna
1008 1736 1077 1784 seu·
1128 1719 1183 1795 tio,
1200 1723 1230 1780 et
1243 1719 1351 1780 relatio
1365 1719 1529 1782 rbfferuirt:
1545 1736 1619 1782 nam
1637 1727 1695 1800 per
1709 1725 1884 1786 relationem

313 1819 410 1881 tentia
427 1817 533 1897 plures
546 1813 660 1896 alleget
678 1816 795 1894 nunes,
811 1835 838 1879 c.
856 1816 929 1879 Cam
947 1817 1074 1898 apetielt.
1129 1817 1194 1874 iola
1216 1827 1311 1874 eausa
1333 1813 1373 1874 ed
1396 1813 1588 1894 superiorem
1609 1815 1753 1893 refertar,
1770 1821 1806 1880 ut
1827 1817 1884 1896 eius

313 1925 345 1973 n.
363 1913 413 1974 li.
428 1915 509 1972 vers.
526 1909 636 1984 &meto
649 1909 718 1990 fait.
734 1909 766 1972 b.
789 1912 812 1972 t.
838 1909 896 1972 llil
916 1911 1000 1991 apud
1015 1911 1076 1972 Ab·
1126 1905 1266 1987 judiciali
1287 1907 1443 1980 sententie
1464 1907 1629 1971 deliniatur
1646 1927 1653 1970 :
1669 1909 1779 1989 sieque
1798 1911 1886 1989 jndex

312 2003 418 2066 hetam
442 2002 493 2065 eii.
510 2017 542 2063 n.
560 2005 608 2064 la.
624 2016 704 2063 vars.
723 1997 828 2064 dbrtto.
846 2017 923 2082 quus
937 2003 1076 2083 sequitur
1129 1999 1258 2060 infertur
1277 2015 1346 2061 seso
1369 2000 1469 2080 privat
1482 2001 1636 2080 potestate
1646 2001 1823 2082 judicandi,
1846 2011 1886 2066 ta-

313 2097 423 2177 Engel,
435 2095 466 2158 h.
478 2100 502 2158 t.
517 2112 548 2157 n.
566 2099 615 2157 st.
632 2085 749 2169 volunt,
765 2093 954 2158 validitatem
968 2097 1077 2158 lelium
1129 2099 1193 2154 mm
1225 2111 1351 2154 eausam
1377 2093 1592 2156 transferendo
1618 2095 1651 2154 in
1679 2096 1883 2173 superiorem.

314 2197 473 2270 gestorem
496 2193 568 2268 post
588 2191 814 2251 recusationem
836 2187 1074 2265 amblatorum,
1129 2191 1221 2265 prout
1235 2185 1308 2247 olim
1323 2186 1502 2266 frequenter
1514 2187 1581 2248 lieri
1602 2185 1733 2250 solebat.
1751 2187 1844 2250 Seeus
1856 2190 1885 2252 lit

312 2281 450 2365 pendere
470 2301 509 2344 ex
530 2281 632 2346 lutura
651 2287 765 2346 eventu
779 2284 934 2354 admissae,
950 2286 998 2347 vel
1012 2287 1076 2345 nori
1128 2279 1161 2340 in
1187 2279 1435 2342 consultatione:
1461 2297 1534 2341 nem
1558 2295 1615 2360 per
1641 2281 1723 2342 hano
1750 2283 1884 2364 peinceps

313 2375 456 2438 admissae
470 2375 683 2438 recusationis.
707 2377 787 2438 Nem
799 2376 826 2437 si
844 2378 1074 2456 pronuntietur,
1130 2371 1230 2436 solum
1254 2373 1426 2436 oonsulitnr
1438 2379 1534 2452 snper
1552 2373 1646 2435 dnbio
1658 2375 1757 2455 iuris:
1774 2379 1807 2438 et
1819 2381 1883 2440 tuno

312 2471 394 2533 hene
407 2475 472 2532 non
485 2469 634 2543 tenuisse,
648 2470 798 2534 valebunt
811 2471 978 2553 (inquiant)
992 2472 1075 2550 eius·
1129 2467 1258 2530 inlerior
1277 2467 1358 2528 taeta
1382 2465 1620 2545 consultetione,
1642 2473 1673 2529 et
1685 2469 1773 2548 juxte
1786 2469 1884 2533 datum

312 2562 397 2626 muel
412 2567 499 2644 geste
516 2578 522 2624 ε
539 2564 587 2623 ern
601 2564 716 2641 minus,
732 2575 795 2625 nun
808 2565 957 2627 veebum
974 2585 981 2628 :
998 2567 1077 2630 sieut
1130 2566 1316 2640 responsum
1326 2559 1460 2639 indicit,
1476 2560 1598 2640 fertque
1612 2561 1644 2621 tn
1659 2571 1754 2622 eausa
1769 2565 1883 2626 senten-

313 2658 344 2720 in
359 2657 450 2719 simili
465 2657 578 2720 dieitur
599 2657 631 2718 in
651 2657 808 2721 attentetis
826 2677 883 2738 par
901 2661 1038 2739 judioern
1058 2681 1077 2722 a
1129 2653 1183 2716 tie.
1212 2653 1285 2715 Late
1312 2657 1418 2716 tamen
1436 2654 1612 2733 loquendo,
1627 2654 1752 2730 relatio,
1770 2661 1800 2717 et
1818 2672 1885 2718 eou-

313 2770 369 2833 qeo
382 2755 452 2832 post
475 2751 715 2831 appellationem
736 2751 775 2815 ab
789 2753 1030 2831 interlocutoria,
1046 2773 1073 2818 o.
1130 2745 1252 2808 eustatio
1266 2745 1439 2826 pfflffidfleue
1462 2750 1643 2820 sumuntur}
1662 2747 1847 2832 Pirhinffih·
1860 2755 1880 2814 i·

313 2843 382 2908 Noa
395 2842 496 2906 solum.
512 2845 544 2906 h.
561 2848 586 2906 t.
602 2843 633 2904 in
647 2847 678 2906 e.
1130 2857 1162 2900 n.
1178 2841 1247 2902 rte.
1263 2837 1565 2918 (ADNOTATIONES
1579 2840 1675 2904 xxiii
1687 2847 1719 2904 et
1732 2843 1845 2923 XXIV.)

353 2939 423 3001 329.
446 2937 572 3016 Relatio,
589 2930 682 3020 qaid?
695 2956 735 2987 ·-'-
754 2937 907 3009 Quaeritur
926 2939 976 3004 li.
996 2941 1077 3014 Quid

314 3030 354 3092 eit
366 3027 500 3092 relatiot
513 3027 606 3109 Resp.
621 3031 644 3092 1.
671 3027 790 3093 Relatio
810 3035 858 3094 eet
872 3033 985 3112 judicis
999 3034 1078 3096 inte·-
1133 3041 1888 3078 Q

313 3123 404 3186 riuris
425 3121 458 3183 in
483 3138 577 3185 eausa
596 3123 637 3186 de
654 3123 724 3204 jare
737 3124 918 3203 detinetis,
934 3127 974 3188 ρὰ
988 3145 1078 3208 supe-

314 3207 439 3292 riorem,
457 3215 520 3280 sive
534 3217 705 3297 prinoipem
725 3220 906 3282 transmissa
921 3222 1077 3284 eonsultn-
1364 3215 1529 3280 'l'i'l'UleS
1551 3213 1654 3282 m.

314 3311 367 3387 tio,
383 3316 419 3373 ut
432 3310 517 3384 sciat,
534 3309 610 3389 quid
622 3309 835 3390 injudicando
849 3313 937 3392 sequi
950 3314 1075 3377 debeat.
1130 3319 1134 3328 '
1549 3342 1556 3360 ·

314 3393 792 3483 interamnaepaoue·
811 3402 1075 3486 sternentia.
1243 3405 1289 3470 oe
1316 3393 1452 3470 niensis
1479 3405 1780 3488 pereurtnannuur.

315 3495 422 3559 etalii.
439 3493 556 3558 llieitnr
577 3498 736 3572 ulutanter,
758 3517 773 3554 u
786 3497 825 3558 ὰρ
843 3499 914 3578 jure
934 3497 1079 3563 dubitan-

315 3587 353 3651 tis
363 3605 397 3649 :n
411 3587 484 3666 quin
497 3585 530 3647 in
544 3585 646 3649 dubiit
660 3587 699 3650 de
713 3587 807 3665 laeto,
819 3591 883 3652 sive
896 3592 935 3654 de
949 3594 1078 3655 veritate
1173 3597 1201 3656 l.
1223 3592 1310 3656 Iletia
1323 3593 1546 3656 condonationis
1557 3593 1752 3659 retriearan.
1762 3610 1798 3642 e.
1810 3597 1882 3669 onir

316 3685 485 3762 gestorum,
502 3681 610 3744 relatio
624 3701 687 3743 non
703 3683 812 3760 babet,
828 3685 943 3761 laeum,
959 3688 979 3749 l.
997 3687 1078 3750 Eam
1132 3689 1338 3771 peregrinatio
1360 3687 1401 3749 ad
1421 3689 1535 3754 Sedent
1554 3687 1764 3768 apostolicam,
1779 3705 1841 3752 rem
1854 3695 1883 3752 el

315 3793 410 3857 quem.
434 3771 467 3834 n.
490 3773 526 3836 de
543 3774 678 3837 Iudiciis.
702 3777 782 3848 Quin
805 3778 879 3854 imo,
904 3780 1029 3860 ρρρρὰο
1043 3781 1079 3842 iit
1131 3781 1278 3845 orreorum
1300 3781 1396 3842 babet
1416 3781 1646 3860 appellatione,
1663 3781 1824 3843 dammodo
1837 3799 1880 3844 se·

316 3867 442 3942 relatio,
459 3873 580 3945 opertet
600 3872 700 3930 totum
720 3868 838 3932 laetum
860 3872 951 3950 plene
965 3873 1079 3934 instra·
1132 3881 1204 3937 outa
1225 3875 1265 3936 eit
1286 3875 1366 3936 intra
1385 3874 1496 3935 decem
1509 3875 1576 3936 dies
1590 3884 1609 3936 a
1621 3874 1672 3936 dio
1687 3877 1756 3940 late
1771 3881 1882 3939 senten-

316 3963 401 4021 olum
415 3958 531 4020 reterre
545 3958 587 4020 ρὰ
600 3960 783 4040 prinoipem,
796 3969 827 4024 at
840 3969 914 4024 lune
927 3964 996 4042 ejus
1010 3979 1078 4026 sen·
1132 3968 1194 4044 tie,
1211 3978 1269 4028 sen
1281 3967 1357 4029 illati
1372 3967 1569 4048 gravaminis,
1585 3965 1741 4047 inertique
1754 3969 1881 4030 intimata

316 4053 446 4114 tentiam
467 4059 643 4132 expectere,
667 4053 688 4113 l.
709 4054 734 4115 l.
750 4073 778 4116 a.
793 4053 828 4116 de
841 4055 984 4118 ltelatr'ue.
1000 4059 1078 4119 Nem
1128 4057 1245 4139 judici:
1261 4075 1334 4120 eum
1349 4059 1428 4137 talis,
1444 4057 1497 4138 qui
1512 4059 1594 4121 inter
1615 4059 1655 4120 ad
1677 4059 1785 4122 Sedent
1801 4077 1882 4140 apos·

316 4145 473 4226 pendente
496 4144 658 4219 relatione,
674 4145 809 4207 officium
822 4145 1078 4212 interioristuele
1131 4149 1256 4214 telinum
1278 4151 1401 4232 arripit,
1427 4155 1593 4212 censeatur
1610 4151 1679 4230 ipse
1692 4151 1771 4214 laeto
1784 4151 1880 4230 appel-

317 4237 361 4300 eit
375 4236 576 4316 eonquieseit,
592 4238 614 4299 l.
631 4237 687 4299 ult.
703 4255 730 4300 ρ.
747 4240 818 4301 eod.
1130 4245 1216 4319 lare;
1234 4247 1316 4324 quod
1331 4245 1400 4324 plns
1415 4253 1474 4319 est,
1490 4263 1585 4326 qnam
1607 4245 1711 4306 verbis
1725 4245 1878 4326 appellere,
1912 4303 1917 4310 .

356 4327 424 4391 330.
448 4325 611 4390 Relatiom
631 4327 667 4390 da
688 4329 767 4410 sarto
782 4333 989 4413 perpetrandum
1003 4333 1078 4398 abab·
1131 4357 1159 4400 o.
1174 4337 1282 4403 Dt‘iretr'
1297 4338 1363 4421 fibi.
1386 4342 1435 4402 ρὰ.
1462 4337 1498 4400 de
1520 4338 1719 4421 Appellantur.
1739 4339 1806 4402 Ideo
1818 4343 1879 4420 pest

315 4427 386 4482 raet
413 4420 444 4482 tit
469 4419 691 4484 damnietatem.
720 4421 835 4486 lueres
861 4425 921 4507 epti
946 4433 1079 4490 beentur
1131 4432 1355 4512 appellationes
1378 4433 1541 4514 subjicitur
1563 4443 1700 4512 presens
1722 4433 1822 4494 titulus
1839 4429 1882 4492 De

316 4527 432 4572 eaerum
453 4512 658 4576 sententialiter
679 4513 847 4592 tenariam,
868 4517 981 4580 ,omem
1002 4519 1079 4583 reto-
1132 4522 1251 4587 Clemens
1270 4525 1533 4608 perepriaontidas.
1558 4525 1615 4596 Qui
1639 4520 1746 4586 titulus
1759 4521 1881 4603 qnaliler

316 4603 450 4668 melea.
467 4632 506 4651 ··-
519 4605 564 4666 De
577 4605 660 4669 isoio
683 4613 788 4670 tamen
807 4609 984 4690 hujusmodi
998 4615 1078 4676 reia·
1131 4617 1253 4679 diderat
1266 4634 1284 4679 a
1299 4619 1344 4680 tlt.
1369 4616 1460 4682 xxii.
1483 4619 1553 4680 libri
1574 4617 1667 4698 primi
1682 4613 1877 4687 Demtrlium,

315 4701 417 4763 tiones
430 4703 562 4776 utruque
574 4699 644 4777 jure
654 4701 881 4780 propemodum
891 4705 922 4764 in
931 4703 1078 4770 desuetu-
1135 4711 1347 4773 obedieritis
1361 4711 1533 4793 peregrinis
1547 4730 1562 4771 a
1592 4711 1761 4794 inseriptlo,
1777 4709 1879 4772 ibidem

315 4788 422 4854 dinem
444 4789 598 4851 abierunt.
614 4791 693 4853 Nam
706 4793 780 4872 quia
793 4799 872 4857 teste
886 4798 1077 4878 experientia
1130 4823 1162 4866 n.
1179 4809 1207 4867 i.
1221 4804 1288 4884 jem
1301 4803 1418 4867 dietum
1432 4808 1489 4867 est.

314 4889 508 4962 compertum
522 4881 590 4955 luit,
604 4881 674 4944 lites
688 4885 818 4948 nimiam
838 4890 985 4969 protrahi,
1001 4891 1077 4954 dam
1170 4901 1199 4960 2.
1222 4897 1342 4960 Stetere
1354 4897 1390 4959 de
1411 4897 1520 4960 staini
1539 4897 1791 4980 peapenanttae
1802 4896 1877 4958 etiarn

313 4983 385 5060 post
397 4977 524 5058 longam
546 4991 649 5038 musae
670 4977 934 5059 disceptationem,
950 4986 1076 5048 tandem
1126 4987 1286 5072 merdant
1307 4991 1339 5070 tir
1361 4990 1443 5053 laets
1462 4991 1714 5074 peteprtnuntr'tar
1734 4991 1772 5053 ud
1788 4987 1878 5052 seem

314 5075 416 5136 adnuo
437 5071 480 5134 ad
498 5070 684 5152 prinoipem,
700 5073 840 5152 plurimis
862 5078 930 5140 eliis
943 5081 1078 5162 ragonis
1130 5083 1326 5166 apostolieum.
1342 5103 1381 5132 ⁴-
1395 5087 1434 5148 itt
1456 5086 1598 5164 quamvis
1618 5088 1651 5147 in
1665 5081 1876 5158 rmnearnjus

313 5166 501 5240 distentum,
526 5165 620 5228 flebat
642 5183 806 5246 retrursus,
828 5182 987 5252 eoumque
1010 5173 1077 5254 ipae
1129 5172 1209 5237 tituli
1230 5174 1285 5236 ilat
1307 5177 1422 5240 mentio
1439 5176 1482 5238 de
1505 5175 1725 5250 soliselerieis3
1741 5169 1875 5236 nibilomi-

313 5259 405 5339 plene
429 5259 516 5339 prins
537 5258 687 5320 instruere
701 5258 787 5338 (date
799 5264 884 5342 priua
898 5267 987 5345 eopia
1000 5269 1077 5330 utri-
1129 5286 1200 5346 nus,
1222 5285 1292 5348 qum
1318 5269 1359 5332 de
1382 5271 1430 5333 iris
1453 5275 1647 5348 sternantur,
1674 5270 1766 5333 atium
1784 5269 1874 5328 laeum

313 5367 373 5429 qne
387 5351 467 5430 parti
480 5350 680 5432 litigantium)
692 5351 736 5413 ad
755 5351 858 5433 ipsum
870 5358 1072 5422 retentabatur.
1128 5361 1264 5424 habeant
1277 5363 1309 5423 in
1331 5361 1417 5425 laiois
1440 5365 1712 5444 peregrinantibus
1725 5358 1763 5425 ad
1775 5359 1872 5422 Sedent

311 5441 389 5506 Hine
403 5441 542 5507 indum.
559 5445 835 5527 uUtjutiuesuau
848 5453 1015 5530 expectent
1025 5466 1074 5514 se·
1127 5453 1297 5536 prelatum.
1333 5457 1493 5539 &pidem
1527 5469 1621 5522 oense
1655 5451 1867 5539 dispositoris,
