4080 6064
271 229 345 308 §tt
367 228 418 290 Db
438 225 621 292 tassonis
642 219 929 304 ammentante,
952 221 1025 290 VEL
1045 224 1135 304 NON,
1157 229 1183 290 Α
1203 227 1380 296 remano
1400 227 1638 296 TESTIMONIO.
1710 235 1748 296 79

156 379 194 424 ιι.
211 365 281 424 150.
298 364 413 424 etldl.
429 365 460 424 et
474 361 537 424 alii.
554 362 592 422 Et
614 361 741 440 quidem
761 360 931 423 consultius
984 361 1099 441 aliique
1121 367 1240 437 notant,
1263 363 1346 442 qnod
1369 363 1522 426 absolutio
1545 365 1597 428 illa
1620 385 1675 428 seu
1703 387 1749 430 re·

156 473 242 530 ease,
265 457 361 518 talem
384 455 610 518 absolutionem
633 455 674 516 ed
695 455 930 528 montumano
985 455 1099 517 taxatio
1111 457 1279 535 juramenti
1294 475 1356 518 non
1370 457 1480 522 luisset
1491 463 1678 533 necessaria,
1695 462 1751 524 sed

154 545 403 610 declarationem
425 546 574 610 nullitatis
599 545 767 626 juramenti
795 546 932 625 premit·
985 550 1088 631 potius
1112 548 1149 610 sit
1175 548 1256 611 iacta
1280 551 1320 612 ad
1343 551 1517 614 cautelam:
1541 570 1603 632 qua
1630 555 1748 618 ratione

156 649 237 716 tere,
259 661 325 704 non
347 647 406 714 est,
431 660 488 706 cur
509 647 664 722 negatur:
688 641 783 720 idque
804 639 932 702 convin-
985 641 1172 724 quandoque
1194 641 1314 722 allquos
1334 645 1453 710 absolsi
1469 647 1509 708 ad
1529 650 1693 724 cautelam,
1716 655 1751 713 ut

154 741 233 796 cunt
252 735 337 815 jura,
361 739 393 798 at
419 734 556 798 rabones
579 733 611 796 in
638 751 806 815 progresso
832 731 931 796 adda·
984 737 1103 817 possint
1116 737 1283 812 testificari,
1299 741 1384 820 petet
1397 759 1425 802 c.
1447 739 1750 826 Venienecdllpoato-

154 829 278 892 cende.
725 837 731 850 '
986 831 1082 892 liram.
1100 833 1148 894 38.
1165 831 1197 892 in
1210 831 1265 892 lin.
1281 829 1318 894 de
1334 831 1437 896 Tertii.

197 926 249 984 to.
271 923 478 986 lammam
504 922 540 985 de
566 941 625 984 non
652 919 856 1003 testificando,
891 929 934 984 est
1023 927 1073 988 te.
1097 923 1142 986 Et
1165 924 1196 984 in
1219 923 1404 1006 inquisitione
1432 946 1519 1009 anper
1543 928 1750 1010 reformatione

152 1021 261 1076 centro
275 1013 362 1076 bonor
374 1033 476 1090 mons,
488 1013 782 1097 ricqnenonobiipot.
793 1013 931 1076 -Prior
984 1017 1161 1086 monasterii.
1177 1049 1217 1066 -
1231 1017 1335 1080 Simila
1350 1019 1425 1097 quid
1438 1020 1572 1084 habetur
1589 1041 1617 1086 o.
1641 1021 1749 1085 Peroc-

154 1115 267 1170 autem
285 1127 359 1188 pars
379 1129 418 1172 ex
438 1127 476 1172 ao
495 1109 663 1189 probaton
685 1112 751 1170 tum
776 1109 848 1190 quia
869 1109 930 1171 tale
984 1107 1328 1172 reaccenderent.
1345 1109 1376 1172 b.
1394 1117 1415 1174 t.
1432 1118 1504 1176 etc.
1531 1112 1617 1178 Olim.
1641 1117 1691 1178 26.
1715 1113 1751 1178 dc
1793 1109 1796 1116 '

151 1202 371 1280 juramentum
394 1221 458 1266 non
485 1207 534 1268 esi
560 1203 790 1284 obligatorium,
822 1206 930 1284 utpote
983 1202 1166 1264 Acrcscticn.
1195 1202 1248 1264 ubi
1269 1203 1301 1264 in
1322 1203 1518 1284 inquisitione
1540 1223 1634 1286 snper
1653 1206 1751 1270 reior-

155 1295 334 1374 prerstitnm
347 1301 457 1358 sonim
470 1296 570 1358 bonos
585 1311 701 1356 mores:
714 1293 798 1356 unde
812 1293 930 1374 absque
984 1294 1121 1358 mationa
1134 1296 1315 1358 monasterii
1325 1296 1476 1376 jubentur
1496 1317 1606 1362 omnes
1626 1303 1751 1381 raguta-

157 1388 223 1450 ullo
237 1389 378 1470 periculo
391 1388 518 1470 perjurii
531 1391 635 1468 petest
649 1388 719 1468 qnia
732 1387 791 1467 ipsi
807 1394 931 1449 conne-
983 1407 1034 1450 res
1044 1387 1213 1468 deponere,
1226 1389 1443 1468 «juramentis,
1455 1392 1480 1456 si
1491 1411 1560 1474 que
1570 1394 1610 1458 de
1619 1395 1750 1458 meando

155 1484 279 1559 venire,
295 1503 324 1546 c.
340 1483 463 1560 (branta
488 1485 537 1546 te.
560 1479 598 1544 de
618 1479 836 1561 trajecere,
863 1485 930 1544 tum
984 1481 1114 1546 veritato
1129 1483 1227 1546 abbas
1241 1488 1423 1560 extorserat,
1438 1485 1592 1560 relaxatis,
1615 1509 1631 1548 a
1652 1495 1687 1568 nt
1703 1489 1750 1550 lo·

155 1580 232 1659 quia
248 1579 281 1642 in
295 1580 380 1640 omni
396 1579 575 1658 juramento
594 1581 707 1658 preter
726 1575 802 1636 alias
821 1573 929 1638 condi·
983 1573 1090 1654 quitur
1102 1580 1217 1637 matus.
1232 1575 1376 1648 Quamvis
1391 1577 1475 1639 enirn
1488 1578 1561 1640 talia
1572 1579 1749 1658 juramenta

155 1673 273 1748 dones,
289 1671 455 1751 dequibus
474 1671 535 1750 jam
555 1669 617 1730 dixi
637 1669 670 1730 in
696 1666 847 1750 lbecloqs‘c
869 1687 931 1732 rno-
983 1667 1051 1746 ipso
1065 1667 1131 1747 jure
1146 1686 1208 1732 non
1223 1672 1363 1747 teneant,
1379 1672 1750 1750 utpoteprsestitecontra

154 1763 227 1826 me.
245 1767 336 1828 tract.
352 1765 401 1826 Vl.
419 1763 554 1826 distinct.
569 1767 600 1824 2.
616 1779 649 1822 ιι.
660 1764 708 1824 23.
721 1761 812 1824 tacite
823 1759 930 1822 sabin·
982 1760 1082 1822 bonos
1096 1779 1220 1824 mores:
1237 1761 1438 1824 nihilominus
1452 1763 1492 1826 ed
1506 1765 1751 1840 cartennens-

155 1855 311 1936 telligitur
327 1855 462 1917 conditio
480 1854 544 1930 illa,
566 1873 581 1916 a
602 1854 629 1914 si
650 1860 759 1932 potero
781 1853 867 1934 (quia
889 1853 930 1918 ad
979 1853 1118 1934 jnrisqua
1147 1855 1320 1918 securitatis
1348 1858 1466 1934 gratia,
1502 1873 1565 1918 non
1593 1857 1748 1924 immerito

154 1947 363 2026 impossibile,
379 1947 500 2026 dejure
514 1946 564 2008 rel
577 1944 670 2020 iacto,
686 1955 778 2006 netno
791 1949 926 2023 tenatur,
982 1947 1068 2028 prius
1099 1948 1288 2024 relaxantur,
1316 1949 1366 2010 vet
1393 1949 1502 2012 saltem
1530 1968 1587 2032 per
1612 1949 1749 2030 judicem

151 2041 246 2121 juxta
266 2059 334 2123 reg.
360 2045 390 2104 6.
411 2041 492 2121 juris
515 2041 548 2102 in
569 2043 600 2103 6.
622 2041 731 2121 juncte
754 2041 873 2115 (ilonea,
897 2043 930 2104 et
983 2039 1069 2120 priua
1083 2039 1305 2104 denuntiantur
1323 2059 1392 2106 esse
1412 2043 1558 2120 invalida,
1579 2043 1749 2123 praesertim

155 2132 340 2196 doctoribus
354 2132 443 2213 ibid.)
457 2139 499 2209 et,
511 2133 596 2194 salae
607 2131 689 2212 jure,
701 2136 734 2198 ei
746 2135 929 2204 auctoritate
983 2133 1108 2216 quando
1122 2135 1256 2198 existant
1270 2137 1410 2210 notoria:
1426 2153 1467 2200 na
1482 2137 1551 2202 testi
1565 2136 1609 2200 illi
1623 2155 1749 2218 quoquo

153 2228 343 2305 superioria
368 2247 384 2285 n
409 2233 503 2307 prout
521 2227 621 2307 liquet
642 2245 681 2289 ea
713 2247 740 2292 c.
773 2228 926 2294 Venientes.
982 2228 1075 2290 modo
1089 2225 1197 2290 vitium
1212 2229 1340 2308 perjurii
1355 2229 1445 2310 objici
1459 2231 1680 2312 valeaisicque
1694 2232 1751 2294 rni-

155 2315 929 2399 l9.de1mejus·csad.lltquitalejarsmeotumest
981 2339 1042 2383 nus
1070 2320 1171 2383 valeat
1197 2322 1408 2386 testimonium
1436 2325 1523 2404 ejus3
1548 2323 1597 2386 rel
1620 2342 1661 2388 ne
1683 2324 1749 2404 ipse

156 2413 327 2478 observatu
344 2411 544 2492 impossibile,
567 2411 677 2476 saltem
692 2412 731 2474 da
749 2413 841 2492 jarez
856 2431 927 2475 cum
979 2413 1078 2496 judex
1105 2413 1277 2494 perjurium
1299 2407 1441 2480 edatur
1462 2417 1496 2480 in
1517 2421 1630 2480 testem
1653 2417 1751 2480 admi·

155 2507 196 2569 sit
211 2505 565 2587 rinoulnminiqoitalis,
581 2509 614 2570 et
626 2510 734 2570 contra
748 2506 847 2569 bonos
860 2523 929 2568 mo·
982 2508 1069 2570 sisse.
1099 2506 1227 2588 Pirhing
1249 2509 1281 2572 h.
1305 2512 1330 2574 t.
1356 2529 1386 2573 o.
1410 2513 1469 2587 te;
1491 2511 1674 2580 Farinacius
1695 2511 1747 2578 eit.

153 2619 229 2673 rsa3
258 2599 413 2680 dmnlque
441 2599 626 2681 prejudicat
652 2599 712 2678 juri
741 2599 926 2679 superioris,
982 2607 1091 2682 quest.
1107 2605 1156 2680 78,
1173 2620 1205 2664 n.
1222 2605 1290 2666 l50.
1307 2605 1445 2686 allegans
1459 2605 1547 2670 alios.

154 2711 274 2772 nempe
285 2693 397 2774 judicis
410 2693 536 2775 publice
548 2693 732 2758 sustentate
746 2694 926 2770 constituti,
1022 2696 1071 2756 50.
1098 2692 1197 2776 Atque
1211 2693 1241 2754 in
1255 2693 1517 2759 mnnntmticnibne
1529 2695 1750 2760 matrimoniali·

152 2795 185 2850 et
198 2786 334 2870 juridice
348 2787 587 2866 interrogantis;
604 2803 690 2867 ergo.
983 2786 1044 2850 bae.
1070 2785 1095 2850 C
1096 2787 1207 2849 enen
1224 2787 1425 2871 impedimenti
1441 2791 1623 2854 cumbamni
1639 2796 1750 2854 lenem

195 2887 247 2946 d'l.
273 2880 450 2944 Declaratur
464 2879 543 2944 ailad
554 2881 587 2942 in
599 2881 720 2944 minine
733 2881 872 2944 elmere
889 2915 929 2930 -
983 2877 1060 2941 istud
1071 2877 1254 2954 dmnndore,
1270 2881 1382 2944 etrbmsi
1401 2881 1454 2946 rub
1470 2889 1577 2946 ieereto
1594 2885 1747 2967 reopant,

154 2978 297 3056 Utraque
311 2975 379 3038 hcc
394 2975 552 3038 conclusio
571 2973 748 3036 declaratur
766 2975 926 3054 exemplis.
983 2971 1125 3036 ueletiam
1140 2971 1192 3033 snb
1198 2971 1383 3053 juramento,
1397 2993 1433 3038 ne
1446 2974 1518 3058 qnid
1530 2975 1619 3038 deae.
1629 3007 1670 3026 -··
1682 2977 1748 3042 lieo

153 3069 208 3131 Sic
222 3069 256 3129 in
275 3087 303 3131 c.
319 3067 511 3132 Constitutus.
527 3071 578 3130 lb.
594 3065 632 3130 de
647 3065 929 3130 lantonienses
983 3067 1085 3146 ipsum
1114 3072 1162 3130 est
1184 3067 1413 3130 extendendum
1438 3069 1477 3132 ad
1499 3070 1748 3134 denuntiationes

154 3161 255 3240 aliqui
267 3161 416 3242 leguntur
429 3163 522 3222 antea
535 3161 631 3222 luisse
645 3159 928 3239 inductiadjuren·
982 3159 1237 3223 matrimoniales.
1258 3160 1389 3232 Ouendo
1409 3161 1491 3224 emm
1515 3163 1584 3242 quis
1607 3163 1749 3226 conscius

154 3257 247 3328 dum,
271 3273 312 3316 ne
333 3254 410 3334 quid
429 3251 569 3317 deerant
591 3260 698 3317 contra
719 3254 928 3334 archiepisco·
982 3259 1029 3316 est
1050 3252 1183 3334 alicujus
1207 3253 1432 3334 impedimenti,
1456 3255 1652 3336 quantumvis
1673 3256 1748 3319 illud

153 3367 235 3430 pum
249 3347 289 3409 de
302 3348 443 3410 simonie
453 3348 581 3410 cumina
591 3350 784 3420 accusatum,
795 3346 854 3408 boe
863 3364 926 3408 non
979 3352 1067 3412 extra
1081 3346 1284 3410 contessionis
1298 3347 1433 3428 sigillum
1448 3349 1507 3410 sub
1519 3353 1640 3412 secreto
1659 3365 1748 3412 ecee·

157 3442 306 3504 obstante
321 3444 475 3521 eoguntur
489 3440 665 3513 testificari:
678 3439 828 3521 jubetque
842 3441 927 3520 Papa
980 3443 1072 3522 perit,
1087 3442 1135 3504 vel
1154 3440 1248 3504 etiam
1271 3440 1330 3502 sub
1344 3441 1533 3520 juramento,
1554 3459 1592 3503 ne
1611 3442 1687 3522 quid
1704 3441 1749 3504 di·

150 3535 254 3615 judici
270 3553 288 3596 a
302 3552 336 3595 se
350 3535 509 3616 delegato,
528 3541 590 3596 aut
602 3535 685 3604 illos,
708 3551 788 3614 qnos
804 3535 926 3614 jurense
981 3537 1040 3609 cet,
1057 3533 1273 3596 nihilominus
1300 3539 1424 3596 tenetur
1452 3535 1528 3596 illud
1551 3533 1744 3597 denuntiare.

154 3628 342 3704 constiterit,
357 3625 927 3709 quodcontraarcbiepiscopomnibil
981 3626 1119 3688 Sancbez
1133 3626 1188 3688 lib.
1207 3628 1257 3690 iil.
1278 3625 1313 3689 de
1330 3625 1464 3690 Matrini.
1484 3627 1564 3708 disp.
1586 3631 1636 3706 t3,
1655 3646 1688 3688 ιι.
1713 3631 1744 3690 o.

154 3721 317 3796 dicerent,
351 3721 514 3784 denuntiet
540 3721 717 3802 juramento
748 3719 926 3800 hujusmodi
981 3723 1013 3784 et
1025 3723 1055 3782 6.
1072 3720 1171 3782 citans
1185 3719 1290 3798 plures
1304 3720 1391 3784 elios.
1412 3720 1502 3783 ilatio
1523 3727 1581 3796 est,
1605 3720 1679 3800 qaia
1701 3737 1748 3782 aa·

158 3831 224 3876 non
237 3815 348 3878 teneri.
365 3837 380 3874 n
397 3816 473 3886 Quae
486 3817 657 3895 posteriora
669 3814 764 3876 rerba
779 3815 860 3877 clare
879 3817 938 3878 in·.
981 3817 1065 3882 meto
1093 3813 1260 3874 commisse
1286 3817 1410 3875 tenetur
1437 3812 1507 3891 quis
1534 3812 1744 3892 manifestere,

156 3907 278 3981 dicant,
290 3908 502 3988 juramentum
513 3907 666 3988 ejusmodi
676 3907 821 3988 ipsojnre
831 3908 927 3971 tuisse
981 3903 1104 3986 quoties
1117 3909 1250 3982 vergunt
1268 3901 1465 3966 indemnem
1487 3903 1644 3983 publicum
1664 3919 1747 3966 com·

158 3999 346 4077 inralidum,
360 4001 456 4064 ueluti
470 4009 578 4064 contra
594 4001 696 4064 bonos
712 4019 816 4063 mores
834 4019 926 4082 praa·
980 3995 1151 4072 munitatis,
1163 3996 1213 4058 vel
1226 3997 1257 4057 in
1272 4015 1367 4078 greve
1379 3997 1529 4058 damnum
1543 3996 1675 4075 alicuius
1688 4001 1747 4058 ter·

155 4099 272 4159 titum:
289 4097 361 4176 quie
375 4095 514 4176 pontifex
531 4113 595 4158 non
616 4095 745 4158 mandat
765 4113 822 4156 sao
844 4095 928 4172 dele·
980 4088 1026 4163 iii,
1042 4094 1076 4150 ut
1089 4088 1188 4168 inquil
1202 4089 1290 4152 divus
1303 4090 1437 4152 Thomas
1452 4095 1482 4154 2·
1498 4093 1528 4152 Ξ.
1540 4091 1743 4170 q.'10‚erl.l·

154 4197 230 4272 gato
244 4194 280 4251 ut
293 4189 361 4251 illos
374 4209 395 4252 a
406 4207 463 4252 sno
473 4191 653 4271 juramento
667 4189 756 4269 prius
769 4187 924 4265 absolvat3
981 4181 1023 4246 ad
1049 4185 1080 4244 b.
1105 4201 1143 4246 ao
1165 4186 1338 4262 sequamur
1360 4183 1496 4263 theologi
1518 4182 1745 4256 mmmamterr

158 4281 217 4346 sed
238 4281 339 4342 solum
359 4287 393 4344 ut
410 4283 655 4346 denuntieiillos
672 4299 730 4344 suo
748 4282 926 4362 juramento
980 4275 1131 4356 pumici
1159 4277 1244 4338 enim
1269 4277 1385 4340 honum
1415 4275 1660 4352 communitatis,
1687 4295 1747 4340 neo

161 4393 224 4438 non
241 4375 352 4440 teneri.
980 4369 1745 4450 babetqoisjusedtuendemlamamsuamcum

198 4473 250 4532 te.
274 4469 544 4552 Etconjnrotionie
556 4489 605 4532 ren
623 4468 846 4552 rnnpieutionri
862 4470 928 4533 ece-
982 4467 1046 4525 tam
1062 4464 1149 4543 gravi
1164 4465 1278 4526 damno
1293 4463 1435 4543 proximi.
1456 4465 1550 4544 Atqui
1567 4463 1650 4528 istud
1671 4482 1747 4526 coo·

157 4562 290 4626 ditarem
303 4571 404 4624 eontra
412 4563 574 4646 prelatum
587 4583 682 4627 mum.
701 4593 741 4612 -
759 4564 877 4626 Deinde
895 4565 927 4626 in
981 4559 1074 4638 tingit
1094 4559 1127 4620 in
1147 4559 1367 4638 impedimento
1388 4558 1607 4622 matrimoniali
1627 4567 1745 4624 secrete

156 4673 228 4736 cap.
247 4657 302 4718 ult.
319 4657 353 4718 b.
368 4663 390 4720 t.
411 4658 640 4737 compelluntur
657 4661 752 4720 testes
769 4658 811 4719 ad
827 4657 928 4719 mani·
981 4653 1123 4734 cognito,
1153 4659 1259 4732 utpote
1283 4652 1378 4731 quod,
1403 4653 1429 4713 si
1449 4671 1512 4715 nou
1532 4654 1743 4730 denuntiatur,

156 4748 335 4810 testandam
348 4749 510 4812 veritatem
525 4749 760 4826 conjurationis,
772 4767 927 4812 saccone·
982 4746 1160 4826 vergilium
1174 4745 1205 4806 ln
1224 4744 1440 4824 prejudicium
1459 4747 1586 4810 denus
1604 4748 1745 4830 conjugis

154 4843 520 4924 pirationiseubditcmm
532 4844 925 4927 conbesuumprelotum,
980 4839 1062 4902 bona
1076 4839 1137 4902 fide
1153 4838 1364 4901 contrahentis
1376 4857 1449 4902 oum
1468 4840 1520 4903 tali
1540 4841 1745 4923 impedimen·

155 4937 278 4999 etiamsi
292 4936 382 5017 prius
396 4936 565 5015 juraverint
584 4955 653 5000 earn
672 4939 786 5012 celare,
805 4941 839 5000 et
858 4939 927 4999 nul·
980 4939 1022 5009 to,
1038 4940 1073 4996 ut
1085 4935 1159 5012 pote
1179 4949 1243 4994 non
1263 4933 1364 4995 solnm
1383 4933 1554 4998 mortaliter
1576 4933 1742 5014 peccantis,

155 5029 281 5092 letenna
294 5028 494 5092 manifestare
508 5048 516 5092 ι
532 5031 575 5093 ite
589 5037 704 5108 tamen,
722 5035 756 5094 ot
768 5033 854 5111 prius
868 5031 923 5110 illi,
980 5028 1036 5092 sed
1050 5027 1142 5090 etism
1156 5025 1188 5088 io
1202 5031 1344 5107 apertum
1358 5024 1531 5108 periculum
1540 5025 1744 5106 permanendi

155 5139 293 5201 qaorum
306 5121 447 5201 interest,
462 5141 518 5204 per
532 5141 681 5188 censuras
699 5125 926 5188 ecclesiasticae
981 5121 1015 5184 in
1031 5121 1238 5186 concubinatu
1252 5137 1322 5186 sese
1333 5120 1547 5203 conjicientis3
1564 5137 1648 5204 argo.

153 5217 321 5296 cogantur,
338 5220 372 5277 ut
386 5215 564 5278 testeaillos
581 5238 597 5277 a
616 5217 660 5279 ab
678 5216 857 5296 hujusmodi
874 5218 927 5297 jn·

154 5315 300 5372 ramento
327 5309 501 5372 absolsmt.
536 5331 552 5371 u
587 5311 646 5378 Ubi
677 5314 783 5374 brnen
817 5311 924 5374 Glosea

154 5406 186 5484 5.
201 5401 378 5466 iuramento
389 5403 548 5486 cbrclccnt,
571 5409 606 5470 et
620 5405 725 5470 Abbes
743 5403 817 5471 ibid.
837 5423 869 5471 n.
892 5408 922 5472 3»

1944 4233 1962 4278 l
