3994 6050
206 273 294 354 §XL
315 271 366 334 Dll
385 269 592 344 euodisius
612 271 665 334 ab
684 269 930 334 victurorum
950 272 1033 336 IPSO
1053 272 1146 338 tuas
1166 273 1459 353 BENEFIGIORUM,
1481 275 1563 339 E'l'C.
1613 275 1674 338 tre

96 423 158 468 nou
173 409 260 468 curet
271 404 448 468 difficultate
466 425 473 468 ι
489 423 563 468 nam
576 405 609 466 in
622 403 673 467 cit.
693 405 855 484 Extrevag.
912 411 992 486 part.
1008 406 1059 468 xt.
1074 423 1142 486 cap.
1159 423 1188 470 v.
1203 423 1236 470 ιι.
1253 410 1302 472 16.
1317 407 1456 490 Pirhiug,
1471 407 1503 470 b.
1518 409 1586 470 tn.
1602 405 1671 468 151.

126 497 302 560 Stutuimur.
324 497 503 560 conceditur
525 495 641 558 mensis
663 496 858 558 solummodo
912 503 945 562 01
956 498 1018 562 alii.
1067 535 1074 542 ·

95 592 135 652 ad
148 590 326 672 &gendum
349 607 447 652 uuum
468 607 506 652 ex
525 590 666 672 pluribus
685 589 857 668 beneficiis,
952 593 1020 655 330.
1043 591 1185 675 Debctqoe
1197 593 1266 678 fieri
1274 613 1405 676 pcre,cc
1417 591 1587 676 simpliciter
1596 609 1675 654 ‚mon

94 699 163 763 quie
186 689 262 746 tunc
283 701 341 764 per
362 685 533 766 legitimam
556 682 818 764 dispensationem
839 699 859 746 a
912 701 979 746 cero
991 702 1029 747 ec
1041 703 1127 747 ccccc
1139 687 1372 768 permutationis,
1387 705 1477 769 neque
1494 685 1526 748 in
1545 684 1675 766 fauorem

93 775 279 856 quibusdam
294 777 526 840 obtinebantur.
548 780 589 840 lt
606 794 680 838 vero
704 777 735 838 in
755 783 859 857 poste·
913 779 1003 852 tertii,
1032 785 1087 842 etc.
1110 811 1150 826 -
1176 780 1267 859 llesp.
1297 781 1345 842 lll.
1373 779 1462 841 Prius
1488 777 1675 841 beneficium

91 869 177 932 riori.
194 870 264 950 §Si
275 889 341 934 cero
353 871 496 954 deinceps.
513 871 565 934 ubi
580 870 683 952 egitur
695 870 735 932 de
753 869 859 950 probi·
912 870 1025 952 adepto
1048 873 1144 934 altero
1166 871 1386 954 incompatibili
1409 872 1503 935 debet
1523 889 1614 952 pure,
1638 887 1675 932 oc

93 965 159 1028 bita
171 967 347 1045 pluralitate
356 965 580 1028 beneficiorum
590 965 622 1024 iu
633 967 793 1044 posterum
804 962 859 1024 ob·
913 963 1091 1044 simpliciter
1104 966 1216 1030 dimitti
1231 985 1240 1029 t
1256 967 1397 1046 adeoque
1411 983 1474 1028 non
1488 968 1591 1046 potest
1601 963 1674 1026 resi-

94 1057 305 1133 tinendorum,
320 1077 381 1122 non
396 1059 528 1140 amplius
542 1057 721 1120 conceditur
744 1055 872 1141 mensis
913 1058 1001 1140 gnari
1015 1075 1053 1120 ex
1067 1077 1160 1122 causa
1174 1059 1421 1141 permutationis,
1436 1078 1465 1124 v.
1481 1078 1513 1140 g.
1528 1076 1601 1122 cum
1614 1056 1674 1119 ulio

94 1167 151 1230 pro
164 1149 345 1214 dimissione
358 1150 470 1232 prioris
482 1156 553 1230 post
570 1153 730 1231 receptum
750 1167 860 1212 secun·
914 1153 1061 1234 simplici;
1083 1171 1185 1234 neque
1206 1155 1237 1216 in
1259 1155 1398 1218 levorem
1418 1153 1500 1218 tertii
1518 1151 1589 1232 (nisi
1604 1167 1676 1212 cunr

94 1244 169 1306 dum
184 1244 372 1308 beneficium
386 1244 626 1324 incompatibile,
642 1244 697 1306 esd
715 1227 859 1324 ex'presse
913 1247 1111 1326 expressione
1132 1249 1224 1327 hujus
1245 1247 1493 1325 circumstantie,
1510 1263 1566 1307 seu
1587 1259 1678 1306 vece-

94 1339 285 1419 praecipitur,
305 1345 340 1400 ut
362 1345 433 1418 post
453 1337 613 1418 pacificam
633 1338 860 1417 possessionem
913 1339 1006 1400 tionis
1032 1338 1099 1419 ipso
1123 1340 1205 1421 jure,
1234 1359 1341 1403 coram
1367 1357 1488 1402 summo
1515 1336 1677 1416 Pontidcc)

95 1431 223 1494 alterius
236 1433 301 1511 (aul
314 1433 339 1494 si
354 1448 411 1512 per
428 1431 662 1494 beuellcierium
675 1429 769 1506 stetit,
784 1447 862 1510 quo·
914 1451 1016 1513 neque
1030 1452 1101 1497 cum
1114 1435 1323 1498 reservatione
1333 1435 1500 1515 pensionis,
1510 1439 1563 1495 eut
1571 1431 1677 1512 hujus·

95 1525 200 1586 minus
212 1526 305 1589 istam
314 1527 441 1606 babeat)
451 1525 537 1606 prius
546 1523 733 1588 beneficium
743 1523 861 1602 absque
915 1529 1011 1591 modi.
1033 1531 1079 1592 llo
1098 1529 1247 1592 Rebulius
1267 1531 1300 1592 iu
1319 1528 1421 1592 Praei
1439 1525 1555 1608 beoefic.
1576 1525 1621 1588 til.
1645 1521 1680 1586 de

96 1635 193 1680 more
217 1621 379 1702 dispendio
406 1621 437 1682 in
466 1619 692 1682 ordinariorum
718 1617 862 1680 manibus
915 1621 1134 1702 Dispensatoris
1148 1624 1261 1687 rotinere
1274 1623 1378 1687 arato.
1393 1625 1424 1700 1.
1442 1617 1677 1698 (10001010οή0.

95 1713 269 1776 dimittatur
281 1715 349 1796 pari
362 1715 468 1778 modo.
480 1715 543 1777 Nec
557 1714 659 1777 obstat
673 1713 756 1776 istud
770 1727 870 1792 appo·
915 1733 948 1777 n.
964 1717 995 1778 8.
1012 1717 1085 1777 019.
1102 1715 1199 1778 citans
1212 1715 1416 1798 multiplicem
1436 1715 1564 1788 Rotam
1587 1709 1681 1774 Hole-

95 1803 191 1866 situm
211 1807 255 1886 ly,
276 1807 375 1886 uperi
398 1808 533 1869 modos
561 1807 628 1868 Hoc
650 1805 734 1866 euim
755 1803 865 1884 nequit
917 1808 971 1884 du,
992 1807 1045 1869 ubi
1065 1827 1168 1892 eupre,
1193 1817 1273 1892 pert.
1298 1811 1346 1874 lll.
1371 1826 1440 1889 cap.
1465 1825 1506 1872 ιι.
1527 1825 1558 1870 n.
1580 1809 1629 1868 11.
1650 1811 1682 1867 01

95 1900 248 1990 denotare
262 1901 495 1964 concessionem
512 1898 629 1962 mensis
648 1917 703 1978 pro
721 1898 865 1960 feriende
907 1905 986 1983 lup.
1003 1918 1068 1964 ιιιι.
1084 1920 1117 1963 u.
1132 1907 1187 1976 623
1203 1903 1333 1966 Flamin.
1349 1901 1495 1976 Parisios,
1515 1899 1569 1961 lib.
1584 1897 1632 1959 lli.
1648 1895 1683 1958 dc

96 1991 277 2056 dimissiorm
290 1995 400 2074 prioris
414 1994 556 2056 beneficii
570 1996 657 2074 (nem
670 1991 753 2054 istud
769 2007 863 2070 repo·
917 1995 1066 2076 Resipnct.
1097 1994 1212 2078 ieufic.
1245 2015 1315 2078 cep.
1339 2013 1362 2058 1.
1385 2013 1418 2056 ιι.
1441 1995 1492 2056 50.
1521 1998 1554 2055 et
1579 2006 1679 2070 seqq.;

96 2093 209 2166 gnaret
222 2087 469 2167 precedentibus
481 2088 595 2162 verbis,
611 2085 864 2164 «0100000010
918 2090 1054 2167 Garoias,
1069 2091 1100 2152 d.
1117 2109 1186 2172 cap.
1201 2109 1231 2154 v.
1247 2110 1279 2152 n.
1298 2093 1349 2155 58.
1370 2105 1522 2162 asserens,
1537 2086 1580 2149 ita
1589 2083 1683 2146 brisso

97 2181 312 2261 dispendic)e
339 2181 395 2242 sed
417 2182 568 2244 duntaxat
589 2180 654 2243 vult
679 2179 865 2241 beneficium
918 2185 1089 2248 resolutum
1112 2186 1143 2247 in
1167 2204 1228 2248 una
1250 2185 1393 2248 Illarden.
1418 2180 1579 2263 portionis.
1607 2194 1682 2239 ann.

98 2274 309 2354 praehabitum
333 2292 403 2338 esse
427 2275 645 2338 dimittendum
667 2275 699 2336 in
722 2272 865 2335 menibus
920 2281 1009 2356 1593,
1025 2297 1130 2343 eoram
1143 2271 1682 2359 must,1),phamphitio.;Pirbing,

99 2367 248 2430 ordinarii
265 2369 361 2450 upari
376 2371 478 2449 modo,
494 2371 526 2433 id
540 2375 596 2449 est,
608 2370 705 2434 verbo
720 2375 750 2431 01
763 2373 863 2444 vecto,
919 2372 951 2434 b.
967 2375 991 2448 t,
1006 2390 1038 2434 n.
1056 2374 1124 2434 tot.
1141 2379 1172 2434 et
1186 2371 1247 2433 alii.

98 2467 132 2526 ct
146 2463 214 2524 sine
228 2464 349 2541 baudo,
364 2463 865 2542 oumeffectn,etsubtestimonio
923 2499 926 2504 ·
960 2454 1684 2537 331.11100110111100.-1000011ιο110,0010,

97 2556 240 2636 publico,
254 2563 396 2640 utsupra
409 2560 524 2623 ibidem
538 2559 731 2622 stutuebntur
743 2577 750 2618 ι
763 2555 867 2618 simul·
920 2561 973 2640 qui
987 2559 1108 2622 nullum
1118 2558 1172 2642 jot
1184 2559 1281 2622 babet
1294 2559 1326 2620 in
1339 2554 1504 2634 beneflcio,
1513 2570 1575 2615 non
1584 2554 1687 2633 potest

98 2667 174 2730 qne,
191 2657 227 2714 nt
240 2651 271 2712 id
284 2652 338 2715 liet
350 2670 413 2714 non
428 2661 588 2736 expectata
602 2653 865 2734 seutentiepriva·
920 2651 996 2714 illud
1022 2653 1193 2734 resignare,
1215 2657 1271 2717 aut
1291 2659 1468 2734 permutare
1485 2667 1493 2711 ι
1519 2645 1604 2725 etqui
1627 2643 1686 2706 clo·

98 2745 181 2806 torio
195 2744 279 2826 lecti,
294 2748 345 2809 vel
362 2746 422 2810 litis
443 2749 678 2824 contestatione,
701 2751 793 2828 prout
813 2761 868 2806 ex·
920 2746 1003 2809 ι1000
1023 2755 1093 2827 post
1111 2748 1257 2828 adeptam
1277 2747 1439 2828 pacificam
1458 2736 1687 2822 possessionem

98 2837 196 2918 plicet
210 2841 317 2903 Glossa
330 2841 405 2904 ibid.
415 2843 560 2923 Alioquin
573 2861 645 2906 vero
660 2861 699 2904 ex
712 2849 786 2904 tunc
800 2841 866 2919 ipso
921 2835 1049 2902 secundi
1067 2838 1316 2920 incompatibilia,
1333 2837 1452 2899 nudum
1469 2834 1522 2912 jus
1542 2829 1638 2892 hebet
1655 2828 1687 2889 ἰιι

95 2935 172 3013 jure
186 2934 349 3000 inducatur
363 2938 492 3017 privatio
502 2937 630 3000 secundi
640 2936 793 3012 beneficii,
807 2952 867 2996 unu
920 2933 1016 3016 priori
1028 2933 1191 3009 beneflcio,
1207 2935 1314 3014 utpote
1325 2929 1408 3012 quod
1418 2929 1485 3010 ipso
1499 2925 1570 3006 jure
1586 2927 1686 2998 vecat,

97 3046 176 3090 cum
190 3029 381 3094 inhabilitate
395 3032 433 3094 ad
448 3050 553 3096 sacros
568 3033 692 3095 ordines
702 3031 868 3109 suscipien·
919 3035 1008 3116 juxte
1028 3029 1177 3091 hactenns
1199 3027 1297 3102 dicte3
1321 3042 1406 3105 ergo.
1426 3023 1576 3102 Maiorem
1596 3017 1688 3081 bedit

98 3123 172 3198 dos,
197 3131 228 3186 et
248 3125 428 3188 babendum
451 3127 660 3208 quodcunque
682 3121 869 3189 beneficium
922 3122 1053 3185 Flamin.
1070 3122 1204 3184 Parisios
1218 3121 1269 3184 cit.
1286 3138 1355 3202 cap.
1371 3137 1393 3194 1,
1409 3135 1441 3180 n.
1464 3119 1515 3179 51.
1537 3115 1569 3176 01
1586 3114 1636 3173 ts.
1658 3110 1689 3170 ct

99 3216 359 3280 ecclesiasticum.
922 3220 972 3296 80,
988 3216 1086 3278 citans
1099 3213 1249 3296 plurimos
1263 3213 1350 3288 elios,
1367 3217 1398 3273 et
1420 3221 1629 3271 communem.
1651 3199 1687 3261 lll

143 3314 213 3374 329.
235 3311 372 3376 Dimt'ccio
390 3313 444 3377 illu
461 3315 570 3397 prioris
590 3313 729 3396 benefici,
752 3309 870 3393 respicit
922 3311 1001 3374 ratio
1016 3312 1098 3373 clara
1112 3315 1160 3372 est
1176 3328 1183 3371 :
1200 3311 1272 3390 qnia
1291 3331 1305 3368 o
1320 3295 1689 3403 nemopotestpluejuris

99 3405 196 3467 001000
209 3406 331 3486 sermm.
346 3441 386 3458 -
399 3410 491 3490 llesp.
506 3411 542 3472 ll.
558 3410 717 3490 Ejusmodi
731 3403 869 3469 dimissio
923 3405 1090 3470 1100010010
1104 3405 1136 3465 in
1149 3405 1255 3478 alium,
1272 3419 1366 3483 quum
1380 3400 1438 3462 sibi
1452 3401 1628 3496 competere
1642 3389 1688 3451 dr-

96 3498 216 3579 prioris
238 3499 395 3579 beneficii,
417 3509 525 3582 utpote
547 3503 684 3567 vacantis
707 3503 774 3582 ipso
800 3501 869 3579 jure
924 3506 1102 3581 gnoscetur,
1119 3521 1134 3559 u
1152 3505 1244 3577 prout
1256 3495 1394 3576 loquitur
1407 3509 1474 3571 req.
1485 3486 1687 3590 'ittjunmtt

97 3600 175 3672 post
201 3596 427 3658 assecutionem
454 3598 581 3660 alterius
607 3595 867 3677 incompatibilis,
924 3612 995 3658 cum
1010 3592 1237 3657 concordeutiis
1253 3609 1260 3653 ι
1279 3607 1353 3672 ergo
1367 3605 1438 3650 cum
1456 3580 1609 3646 beneficio
1629 3597 1691 3660 prr·

96 3687 231 3768 respicit
247 3691 348 3752 solum
367 3692 496 3756 lectum.
516 3693 562 3754 lla
582 3693 689 3755 illosne
710 3693 742 3752 in
762 3689 793 3750 d.
809 3689 869 3749 lix·
923 3695 1012 3752 vatus
1038 3689 1105 3768 ipso
1122 3689 1206 3768 jure,
1226 3685 1347 3747 nubum
1367 3679 1501 3762 amplius
1523 3677 1555 3738 in
1577 3690 1615 3737 eo
1637 3674 1690 3753 ius

98 3785 221 3863 truvsg.
237 3781 870 3861 Εο00011110.1000.ΧΧΠ.111111ιί1100,
924 3783 1051 3859 babeat,
1067 3783 1126 3844 boc
1140 3783 1207 3862 ipso
1220 3779 1281 3842 tale
1292 3780 1345 3859 jus
1357 3791 1415 3859 per
1434 3769 1687 3852 resignationem,

96 3881 135 3936 et
147 3874 180 3934 in
193 3893 228 3936 re
248 3878 432 3941 communis.
455 3878 616 3958 Siquidem
639 3877 769 3940 clericus
786 3875 868 3954 jure,
924 3882 979 3941 aut
1000 3876 1262 3957 permutationem
1284 3871 1417 3952 amplius
1437 3863 1606 3931 mandene
1626 3877 1689 3922 non

96 3969 133 4030 in
152 3968 209 4032 tali
229 3970 382 4033 beneticio
400 3972 458 4034 sibi
482 3972 640 4052 quondam
663 3971 870 4051 competente,
923 3975 1037 4051 potest.
1676 4047 1682 4061 ·

93 4063 167 4144 jam
182 4069 229 4126 est
243 4065 381 4145 privatus
395 4067 462 4147 ipso
482 4067 563 4130 facto
585 4085 644 4148 per
661 4065 872 4146 receptionem
964 4066 1034 4128 332.
1057 4063 1094 4128 In
1107 4083 1176 4126 coro
1189 4063 1297 4143 recepti
1307 4051 1555 4144 pacificeeecundi
1562 4048 1693 4132 beneficti

98 4158 232 4219 alterius
244 4157 484 4240 incompatibilia
501 4180 508 4222 ι
530 4179 566 4222 ao
583 4161 713 4242 proinde
723 4162 775 4240 jus
795 4156 873 4218 illud
926 4157 1159 4240 incoreputibilt'r,
1173 4157 1292 4220 collator
1301 4153 1413 4237 primis
1433 4149 1521 4212 libere
1542 4144 1620 4208 istud
1636 4162 1689 4226 po·

23 4241 30 4258 '
99 4251 239 4330 amplius
249 4253 404 4317 dimittere
414 4272 476 4317 non
487 4263 599 4335 potest,
611 4261 643 4319 01
651 4255 677 4315 01
687 4253 872 4318 beneficium
928 4259 989 4328 teet,
1005 4269 1039 4313 uc
1052 4249 1131 4314 debet
1144 4244 1274 4332 conferre
1286 4249 1365 4332 intra
1382 4263 1435 4306 sec
1451 4257 1567 4316 metues,
1583 4245 1635 4320 etc.
1653 4267 1692 4285 -·

100 4345 508 4424 praebabitutumdimittere
517 4349 618 4413 valent
631 4349 735 4429 quoad
743 4348 871 4422 iactum,
926 4345 1079 4416 Quoerltur
1100 4345 1149 4406 lll.
1175 4341 1329 4420 Qualiter,
1355 4341 1387 4401 et
1408 4335 1467 4398 sub
1489 4350 1551 4414 qua
1574 4325 1693 4410 obliqu-

103 4439 261 4515 videlicet,
269 4442 353 4514 istud
365 4459 491 4504 «coram
500 4443 665 4518 ordinario,
673 4443 730 4504 sub
738 4441 874 4506 testimo-
926 4439 1023 4513 11000,
1037 4437 1260 4501 conterendum
1274 4436 1314 4498 sit
1326 4429 1511 4495 beneficium
1522 4441 1637 4490 uacans
1652 4423 1693 4484 ob

104 4534 162 4595 nio
171 4533 308 4614 publico,
319 4537 496 4614 verbaliter,
507 4543 539 4601 et
548 4537 750 4602 realitercum
761 4535 874 4598 effectu
928 4532 1154 4594 assecutionem
1162 4527 1291 4592 alterius
1300 4519 1657 4624 incompatibilislltesp
1668 4517 1691 4580 1.

103 4628 304 4709 dimittendo,
320 4653 335 4692 s
358 4633 464 4713 sicque
484 4630 687 4712 relinquendo
705 4629 875 4710 possessio·
928 4629 962 4689 ln
978 4643 1053 4688 casu
1066 4625 1183 4705 recepti
1197 4622 1325 4704 pacifice
1343 4617 1470 4681 secundi
1489 4613 1632 4677 beneficii
1646 4629 1693 4671 rn-

101 4739 181 4783 nem
195 4722 304 4804 ipsius,
320 4731 351 4788 et
366 4727 550 4790 abstinendo
569 4725 692 4806 penitus
711 4743 730 4785 a
750 4739 876 4803 percep·
929 4719 1150 4800 competibilis,
1175 4718 1302 4780 collator
1327 4711 1438 4796 prioris
1460 4710 1558 4772 libere
1580 4707 1693 4788 potest,

103 4815 192 4878 tione
208 4816 432 4882 obventionum
445 4820 612 4900 ejusdem:
635 4823 727 4898 prout
744 4815 877 4877 babetur
929 4815 1085 4895 simulque
1113 4811 1207 4876 debet
1240 4809 1324 4873 istud
1356 4807 1498 4870 conterre
1529 4805 1610 4864 intra
1641 4814 1695 4860 sex

104 4907 161 4970 cit.
196 4908 362 4992 nmavag.
391 4911 589 4976 Ececrotilit.
617 4913 725 4992 juncte
755 4910 875 4973 Glosea.
931 4907 1224 4987 monsestalioqoiu
1238 4902 1456 4985 ipsepunitdr.
1471 4901 1517 4962 lte
1529 4898 1633 4960 textus
1646 4909 1697 4999 ex·

105 4998 176 5062 Sui
189 5002 360 5075 1001100010.
380 5012 413 5068 01
433 5025 520 5087 seqq.
543 5006 618 5069 ibid.
634 5004 819 5085 Quanquam
839 5020 878 5064 ex
931 5019 1057 5083 pressus
1071 5002 1103 5063 in
1117 5019 1145 5063 o.
1160 4997 1205 5062 De
1217 4999 1320 5060 molto.
1335 4999 1385 5062 28.
1401 4997 1433 5058 b.
1449 4999 1473 5060 1.
1488 4991 1547 5054 illis
1567 4987 1671 5052 verbra
1689 5015 1697 5058 :

105 5101 248 5176 recepta,
264 5102 296 5160 01
309 5099 480 5180 approbate
493 5099 730 5176 consuetudine,
749 5097 879 5160 sufficiet
938 5097 1143 5176 ulsquoque,
1159 5093 1201 5155 ad
1221 5111 1314 5174 quem
1332 5089 1443 5173 prioris
1463 5089 1582 5167 spectet
1601 5081 1700 5143 donu-

107 5189 178 5250 sole
191 5190 284 5252 realis
298 5197 332 5256 et
342 5212 415 5257 cnm
424 5195 548 5273 effectus,
559 5214 595 5257 ac
605 5195 671 5256 sinc
680 5193 791 5256 buude
799 5193 880 5255 10010
934 5193 996 5268 tio,
1020 5191 1097 5254 illud
1123 5197 1193 5272 post
1221 5191 1431 5270 receptionem
1452 5182 1581 5247 alterius
1603 5177 1700 5239 libere

109 5284 226 5366 prion'e
244 5287 387 5351 beneficii
405 5290 555 5369 dintiseio,
578 5289 635 5352 0101
657 5289 724 5352 hec
744 5303 807 5348 non
827 5285 883 5348 dut
936 5287 1085 5366 conterat,
1103 5288 1152 5348 cui
1168 5286 1278 5349 merito
1293 5283 1402 5348 viderit
1416 5276 1637 5344 conterendum
1651 5291 1658 5335 :
1670 5271 1703 5334 01

111 5395 225 5440 coram
236 5381 405 5461 ordinario,
421 5385 480 5448 sub
492 5385 618 5466 publico
638 5383 823 5463 testimonio,
846 5395 883 5442 ec
937 5383 963 5444 si
977 5383 1061 5445 ultre
1074 5397 1128 5446 ser
1149 5394 1273 5443 menses
1295 5378 1434 5442 conterre
1457 5371 1620 5447 distulerit,
1638 5383 1702 5428 uon

113 5473 293 5538 verbaliter.
322 5475 442 5558 zetula,
468 5479 521 5543 ubi
547 5497 651 5561 supra.
676 5477 803 5544 Garoias
828 5475 881 5540 cit.
939 5478 1043 5542 solum
1057 5477 1097 5542 ed
1111 5475 1189 5539 alios
1206 5474 1377 5538 secundum
1397 5468 1614 5537 Letermensis
1631 5479 1706 5528 con·

299 5599 372 5648 ·111
1457 5581 1495 5644 31
