4028 6068
293 207 351 270 272
458 203 528 266 LlB.
549 201 585 265 ΙΙ.
608 199 815 263 DECRETAL.
838 199 909 264 ΤΙΤ.
931 198 1047 264 xxvu
1069 201 1119 264 DE
1140 199 1348 272 SENTENTIA
1369 199 1417 262 ΕΤ
1437 201 1487 262 RE
1506 200 1700 264 subtutus.

293 337 425 402 mum
439 339 507 418 jorn
527 336 566 398 sit
584 335 615 396 in
636 333 704 417 fine.
728 319 773 396 'lit
790 331 863 414 quid
884 341 946 394 tum
967 351 1055 415 open
1110 350 1175 396 non
1188 333 1281 408 tacu,
1298 333 1323 394 si
1337 332 1365 395 ei
1379 333 1421 394 ita
1438 332 1593 394 videbitur
1605 329 1874 414 expedientium.

292 429 430 495 cluml-
444 429 585 508 Quinimo
600 428 753 492 sententis
766 447 829 490 non
843 433 889 490 est
915 427 1056 505 terenda,
1112 426 1199 507 Scope
1219 423 1372 506 continuit.
1400 424 1418 504 ᾖ
1444 422 1636 488 Sententiam.
1664 423 1702 485 cle
1728 421 1810 484 Verl.
1839 420 1880 482 si·

295 524 420 606 qnando
434 540 529 584 eausa
544 523 645 584 adhuc
660 527 704 585 est
722 521 834 596 dubia,
849 521 922 583 licat
934 525 1058 602 tempus
1111 518 1187 600 onis.
1205 517 1237 579 in
1257 523 1287 581 6.
1309 518 1352 580 ibi
1370 537 1378 580 :
1399 539 1413 576 a
1427 517 1619 580 Sententiam
1639 535 1714 580 vero
1737 515 1880 578 diffiniti·

295 618 403 681 datum
417 616 456 678 ad
471 615 721 678 sententiantium
735 615 774 676 sit
788 616 819 676 in
829 615 900 678 tine.
915 615 1018 678 Abhas
1028 633 1055 678 o.
1112 628 1184 673 vam
1207 610 1317 689 (citatis
1339 611 1380 672 ad
1399 611 1450 686 id,
1472 611 1546 674 lieet
1565 630 1630 674 non
1652 607 1878 692 peremptoris,
2007 625 2008 680 ξ

295 710 395 793 Super
415 729 456 772 eo.
480 715 528 772 lt.
544 727 577 770 n.
604 712 652 772 l'l.
677 707 712 771 dc
731 709 882 792 Appellat.
898 709 956 774 Ubi
970 709 1059 788 proin
1112 704 1262 784 partibus)
1277 709 1372 782 stans,
1398 705 1447 766 vel
1469 704 1582 767 sedens
1606 704 1767 784 proterat:
1784 701 1882 764 etiam
2007 727 2008 756 r

298 800 466 882 subjungit,
478 801 561 881 quod
573 806 647 863 tuno
661 807 714 862 aut
728 801 794 862 fieri
809 801 921 864 debeat
934 802 974 863 de
989 817 1060 862 con-
1114 797 1150 878 (si
1166 797 1194 860 ei
1208 797 1372 878 ridebitur)
1386 798 1586 860 conclusione
1600 815 1665 860 non
1677 796 1773 873 bota,
1789 798 1885 874 prout

298 911 392 958 sensu
412 893 545 973 partium
566 895 743 975 prorogatio
766 895 798 955 in
822 894 905 956 aliud
923 897 1058 974 tempus,
1113 891 1331 970 expetitione,
1347 891 1604 972 etprobatione,
1620 888 1886 955 otaliisectitatis

294 988 385 1070 juxta
406 1005 434 1050 o.
457 986 501 1050 De
521 988 626 1050 ceusu
646 992 676 1051 4.
696 986 733 1050 de
753 985 841 1070 Offic.
866 985 989 1070 clclepat.
1004 987 1061 1048 Vel
1113 985 1145 1046 in
1154 985 1347 1048 occuluerit
1355 984 1708 1060 laciendummllsecibi,
1722 981 1886 1062 loquendo

297 1081 431 1162 ipsamet
456 1083 521 1143 tota
548 1097 643 1143 causa
669 1081 806 1144 indecisa
828 1081 1003 1144 remittatur
1020 1079 1061 1144 ad
1113 1079 1280 1158 dejudicio
1296 1080 1474 1142 summario.

299 1175 489 1254 superiorem
507 1174 668 1256 :alioquin
692 1175 775 1237 enim
796 1193 890 1254 graue
913 1181 1012 1247 esset,
1029 1175 1061 1236 in
1153 1175 1203 1235 48.
1220 1169 1372 1235 Conclusio
1392 1169 1424 1232 in
1445 1189 1533 1232 cosso
1545 1189 1604 1232 non
1616 1179 1657 1234 est
1670 1167 1706 1232 dc
1718 1167 1886 1232 substantio

298 1284 333 1330 re
359 1265 454 1328 dubia
490 1273 607 1329 eertum
638 1265 719 1330 torro
755 1267 961 1342 sententiam,
989 1285 1058 1330 cau.
1113 1262 1436 1347 praeoujueuiarii.
1454 1261 1531 1340 Quid
1545 1262 1702 1324 circaeon
1716 1261 1888 1324 otmoerur

300 1359 404 1426 Grave.
422 1363 470 1422 ll.
487 1377 516 1440 q.
532 1362 561 1423 3.
1116 1359 1147 1420 in
1160 1377 1274 1422 cumcun
1288 1357 1434 1440 imperiali
1440 1355 1455 1418 l
1468 1389 1509 1404 -
1521 1357 1616 1419 Addit
1633 1357 1744 1420 Glossu
1756 1356 1838 1418 ibid.
1856 1357 1887 1432 i.

339 1457 387 1516 45.
416 1450 549 1516 ludicen
575 1458 686 1532 oportet
714 1470 803 1534 nque
828 1451 869 1516 od
893 1451 1063 1515 sententium
1118 1449 1315 1524 Coraclnn'onc,
1343 1449 1462 1513 alieubi
1482 1448 1515 1510 in
1533 1447 1658 1528 judiciis
1681 1447 1890 1511 secularibus

299 1553 399 1608 cuncta
412 1543 527 1608 rimun.
545 1543 592 1605 Et
602 1544 789 1626 jurpontium
802 1545 1063 1608 motmucrsiosce·
1115 1564 1180 1610 non
1194 1544 1275 1608 ,lieri
1302 1545 1534 1608 conclusionem
1567 1541 1758 1624 hujusmodi.
1797 1539 1889 1606 Unde

300 1637 356 1700 toi
367 1637 507 1700 smtentio
521 1637 687 1700 torninore.
712 1669 752 1684 -
776 1638 906 1718 Insuper
924 1637 1063 1720 judicem
1116 1641 1201 1721 quod
1214 1640 1370 1704 conclusio
1384 1641 1417 1702 in
1430 1657 1525 1702 cauas
1538 1625 1603 1700 non
1617 1634 1891 1700 sitdesubstsntia

300 1739 420 1814 oportet
433 1749 532 1812 usquo
546 1729 586 1792 ad
605 1733 790 1814 sententiam
811 1735 925 1794 cuneta
942 1731 1060 1807 rimari,
1116 1752 1279 1815 processus
1289 1733 1454 1813 judiciarii,
1470 1732 1526 1796 sed
1538 1731 1659 1810 absque
1673 1729 1749 1792 vitio
1763 1727 1891 1790 nuilite·

299 1821 688 1894 reuocauerunt
709 1821 783 1884 Fide
797 1823 978 1886 instrument.
995 1823 1064 1903 (nli·
1116 1827 1156 1890 tis
1178 1827 1275 1891 omitti
1297 1829 1407 1909 possit,
1430 1832 1500 1908 post
1526 1826 1667 1888 Glossana
1692 1823 1752 1885 loo.
1774 1823 1827 1886 eit.
1845 1826 1892 1885 te-

300 1925 348 1982 ter
360 1917 443 1980 enim
462 1917 502 1983 ad
516 1917 676 1979 veritatem
698 1917 853 1996 perueniri
868 1936 931 1979 non
946 1922 1062 2000 posset,
1117 1919 1497 1984 netrtbbaso.l.'um1et
1517 1919 1560 1993 A,
1579 1936 1611 1979 n.
1635 1919 1674 1980 lt
1695 1916 1729 1978 b.
1751 1921 1776 1978 t.
1794 1916 1888 1981 toan.

294 2029 369 2076 ean.
385 2010 506 2075 Occidit.
521 2015 571 2074 23.
588 2028 618 2090 q.
636 2009 704 2089 ult.)
718 2029 754 2072 ac
778 2011 909 2092 proinde
930 2029 993 2074 non
1007 2031 1065 2075 aa·
1117 2015 1258 2078 Andreas
1284 2015 1317 2076 in
1344 2014 1441 2077 addit.
1468 2011 1508 2076 od
1533 2011 1764 2094 Speculatorem.
1784 2010 1835 2072 tit.
1853 2007 1891 2072 dc

300 2113 351 2170 tea
374 2105 501 2170 terenda
521 2109 568 2168 est
590 2104 760 2180 sententia,
777 2123 871 2184 quom
895 2105 992 2183 judea
1024 2104 1064 2167 de
1116 2107 1284 2170 Rmumiot.
1308 2111 1341 2170 et
1364 2105 1501 2168 conclus.
1523 2123 1542 2166 a
1564 2103 1715 2184 prinoip.;
1742 2103 1890 2170 Narrate

301 2197 419 2261 meritis
444 2211 547 2263 cause
570 2196 673 2262 debite
689 2196 786 2276 possit
800 2215 868 2260 esso
883 2198 1061 2261 instructus.
1117 2206 1197 2283 part.
1211 2201 1262 2264 tv.
1278 2198 1401 2282 Speculi
1410 2198 1503 2274 aurei,
1519 2197 1590 2260 dist.
1607 2203 1637 2271 9,
1653 2215 1686 2258 n.
1699 2198 1739 2258 2³
1752 2213 1762 2274 ;
1777 2193 1890 2257 linitus

300 2291 396 2370 idque
417 2285 484 2350 fieri
508 2293 671 2365 censetur,
693 2295 858 2370 postquam
881 2307 901 2352 a
926 2289 1065 2370 partibus
1117 2295 1170 2358 lib.
1186 2296 1210 2374 1,
1226 2293 1354 2358 Praetic.
1371 2293 1523 2356 observat.
1550 2293 1619 2370 tos,
1635 2309 1668 2352 n.
1693 2293 1722 2352 l.
1739 2305 1890 2350 asserens

302 2383 481 2445 conclusum
507 2381 599 2444 luerit
628 2382 662 2443 in
684 2399 794 2458 causa,
815 2384 904 2462 juxta
926 2383 1065 2464 proximo
1118 2388 1349 2452 conclusionem
1375 2386 1564 2466 hujusmodi,
1592 2385 1686 2448 otiam
1714 2383 1755 2446 do
1784 2383 1891 2448 causis

301 2471 444 2539 dicenda.
460 2477 497 2538 ut
519 2475 559 2542 in¹
572 2475 633 2537 hoe
651 2493 745 2537 sensu
767 2476 982 2557 accipiendum
1006 2481 1063 2551 est,
1119 2481 1301 2557 ordinariis,
1329 2481 1430 2562 magis
1457 2480 1497 2543 de
1526 2478 1763 2552 consuetudine,
1793 2494 1891 2556 qnam

262 2565 263 2568 ’
303 2568 387 2650 quod
409 2566 521 2629 dieitur
534 2571 602 2648 cap.
619 2583 651 2630 u.
669 2568 700 2631 h.
717 2575 739 2632 t.
755 2569 820 2630 ihi:
841 2591 856 2628 u
868 2569 1066 2650 iurgantium
1119 2575 1293 2638 substantie
1318 2591 1483 2658 processus
1506 2589 1601 2636 esse:
1622 2569 1766 2654 quernus
1779 2569 1890 2644 addat,

304 2660 527 2724 controuersias
550 2661 642 2721 celeri
662 2661 816 2725 sententia
837 2663 1019 2736 terminare,
1036 2667 1067 2725 et
1119 2669 1151 2732 in
1175 2685 1301 2732 camera
1324 2667 1441 2730 nullam
1464 2664 1649 2729 sententiam
1667 2662 1835 2745 publicari,
1851 2678 1893 2723 ns

304 2755 447 2835 equitate
470 2753 623 2830 convenit,
648 2757 680 2816 et
701 2755 816 2836 rigori3
833 2779 848 2816 n
866 2764 959 2836 prout
978 2759 1068 2819 notat
1120 2761 1394 2840 interlocutoriam,
1410 2759 1548 2840 quidem,
1564 2759 1624 2821 nisi
1646 2759 1679 2821 in
1700 2775 1798 2820 censs
1812 2754 1892 2836 legi-

303 2849 411 2912 alasse
432 2866 485 2910 un.
508 2841 584 2910 ibid.
605 2846 688 2922 Sive,
713 2847 797 2928 quod
818 2849 928 2911 indicis
950 2850 998 2926 sit,
1016 2867 1068 2912 co·
1120 2855 1196 2918 tirno
1211 2855 1392 2916 conclusum
1405 2853 1446 2916 sit
1460 2873 1468 2914 z
1484 2854 1527 2917 ita
1549 2860 1670 2926 umen,
1687 2857 1722 2914 ut
1740 2857 1837 2930 porte
1852 2848 1895 2910 nl·

303 2939 533 3020 periniquum
547 2939 635 3000 illius
649 2939 1067 3020 fierip0te⁸tconuoversis
1120 2950 1238 3010 teratra
1253 2945 1439 3008 concludere
1453 2945 1588 3019 nolente,
1610 2943 1708 3022 J'udsx
1730 2959 1772 3004 ea
1795 2941 1896 3002 inuita

304 3032 491 3114 litigantium
514 3030 661 3094 finiantur
676 3052 683 3094 ε
701 3033 830 3097 servatis
844 3035 989 3098 videlicet
1014 3035 1068 3097 de·
1121 3039 1267 3120 usquein
1282 3039 1522 3114 contumaciam,
1533 3056 1571 3100 ex
1581 3037 1822 3100 offioioosussm
1835 3051 1895 3115 pro

305 3123 376 3188 bitis
402 3123 577 3205 requisitis,
606 3125 670 3187 sive
696 3126 943 3190 solemnitatibus
966 3128 1066 3209 J'uris3
1121 3134 1270 3196 conclusa
1281 3140 1456 3213 acceptare,
1472 3138 1502 3194 et
1511 3133 1547 3206 in
1566 3129 1728 3211 principali
1747 3145 1895 3208 pronun·

301 3214 392 3299 juxta
406 3217 487 3279 dioto
504 3216 646 3296 superius
660 3217 715 3280 lib.
731 3221 754 3281 1.
770 3219 816 3283 tit.
831 3221 949 3284 XXXII.
964 3219 999 3284 de
1014 3219 1068 3302 Os·
1121 3227 1199 3290 tiara
1219 3227 1333 3306 possit;
1355 3223 1525 3288 dummodo
1547 3224 1627 3303 porti
1648 3223 1688 3285 sd
1702 3223 1898 3285 concluden-

304 3312 370 3394 fi⁶l⁰
382 3307 503 3372 ludici&
520 3329 552 3370 n.
568 3311 617 3372 65·
634 3314 665 3372 ei
678 3313 728 3374 66·
1121 3325 1196 3388 dum
1211 3325 1398 3387 sufficientes
1411 3323 1576 3388 dilationes
1589 3339 1746 3385 concesse
1761 3320 1895 3384 fuerint.

344 3406 395 3466 46.
410 3401 462 3465 Acl
475 3401 666 3484 diffinitivam
679 3403 845 3466 sententium
862 3413 904 3468 cst
916 3403 1068 3470 devenien-
1121 3417 1290 3482 oooosione
1303 3420 1404 3498 eujus,

305 3497 386 3576 dum,
402 3495 517 3578 quondo
531 3496 568 3559 ot
582 3504 707 3580 utraque
718 3507 803 3579 parte
816 3498 979 3561 conclusum
989 3508 1029 3561 est
1039 3498 1069 3560 in
1160 3515 1211 3575 49,
1242 3509 1395 3574 commeo
1418 3512 1449 3574 2·st
1470 3529 1575 3583 cam,
1590 3507 1729 3592 quomodo
1747 3507 1831 3590 μιν
1845 3508 1897 3571 Eo

306 3610 403 3654 causo.
420 3625 460 3638 -
473 3593 564 3672 Rosp.
579 3591 629 3654 IV.
646 3595 725 3653 Tum
739 3591 865 3653 demum
879 3593 919 3654 nd
933 3592 1068 3654 diffiniti·
1120 3610 1214 3685 potest
1226 3601 1295 3683 fieri
1307 3609 1367 3664 tom
1380 3609 1521 3681 netem,
1546 3619 1635 3683 qoam
1655 3597 1781 3682 scripto,
1795 3601 1858 3660 isso
1870 3607 1900 3663 et

307 3703 378 3748 uum
392 3685 592 3759 sententiam,
609 3689 640 3747 et
662 3684 796 3748 celerem
819 3685 1069 3749 terminationem
1123 3696 1216 3758 tacita
1232 3726 1272 3741 —
1285 3692 1449 3767 Quaritur.
1465 3697 1501 3758 11.
1523 3693 1684 3767 Quomodo
1696 3691 1754 3754 fiot
1766 3693 1900 3754 conolo-

307 3775 380 3854 litis,
407 3777 635 3841 deveniendum
661 3785 719 3856 est,
742 3779 866 3860 quando
885 3778 1025 3861 allegatis
1039 3786 1070 3842 et
1122 3787 1167 3850 sio
1182 3786 1215 3847 in
1230 3791 1345 3852 causat
1359 3788 1450 3869 Rosp.
1467 3789 1489 3850 t.
1504 3784 1668 3850 Conclusio
1682 3785 1715 3846 in
1729 3803 1831 3847 musa
1845 3803 1900 3866 po-

307 3871 444 3954 probstis
470 3871 542 3934 hino
569 3870 640 3935 inde
669 3889 707 3934 ex
733 3875 821 3951 parte
844 3871 956 3934 actoris
976 3877 1007 3934 et
1024 3870 1069 3934 rei
1122 3886 1184 3946 eost
1210 3879 1276 3944 fieri
1305 3887 1368 3944 tam
1392 3885 1553 3957 oretenus,
1569 3897 1664 3960 Qum
1677 3879 1807 3960 scripto,
1825 3897 1901 3940 oum

309 3964 463 4042 omnibus,
479 3983 548 4044 quae
569 3965 611 4026 ad
632 3983 720 4028 suam
739 3984 865 4028 oausam
880 3971 912 4028 et
925 3965 1071 4028 intentio·
1124 3974 1210 4036 nulla
1222 3980 1306 4037 corta
1320 3974 1499 4037 solemnitas
1513 3993 1532 4036 a
1547 3973 1618 4053 jure
1632 3971 1672 4036 sit
1685 3973 1897 4054 praescripta:

310 4077 381 4121 nem
410 4054 601 4121 tundendam
629 4064 768 4140 spectare
786 4061 1001 4141 judicaverint,
1030 4059 1071 4123 ab
1124 4068 1199 4148 quin
1213 4067 1276 4128 imo
1290 4085 1353 4128 non
1368 4068 1468 4129 solum
1482 4085 1638 4147 expresse,
1653 4068 1711 4130 sed
1732 4068 1834 4130 etism
1855 4073 1901 4128 ts-

309 4160 441 4234 utraque
461 4160 555 4234 parte
570 4151 602 4215 in
625 4171 719 4215 cansa
742 4155 922 4218 conclusum
942 4155 1070 4218 initiis
1123 4160 1900 4242 citopotortinoausaoonoludi,qnandonimimm

310 4245 460 4311 Vallentit
484 4247 515 4312 h·
533 4254 553 4312 l·
573 4248 634 4329 §ii
652 4247 1069 4329 n.l.lingel,n,1‚0talti,
1123 4261 1228 4336 partos
1241 4255 1327 4318 nulla
1339 4256 1461 4318 formali
1484 4255 1566 4319 facts
1587 4253 1824 4318 renuntiatione
1852 4256 1902 4317 nl·

310 4338 405 4422 idque
432 4340 565 4405 hebetur
591 4343 673 4406 clare
701 4363 770 4407 osu.
798 4343 990 4418 ludscomon.
1019 4346 1069 4407 30.
1124 4348 1274 4412 tortorum
1287 4347 1516 4428 probationum,
1529 4348 1710 4428 simpliciter
1722 4347 1765 4408 ab
1778 4347 1833 4410 his
1846 4348 1903 4410 de·

262 4519 265 4524 ,
311 4437 421 4516 qnaest.
438 4437 469 4498 5.
484 4435 550 4498 ibi:
576 4437 801 4501 uindicantem
820 4441 940 4518 oportet
963 4444 1072 4500 cuneta
1126 4442 1239 4505 sistunt
1251 4450 1345 4523 atque
1359 4443 1493 4524 ajudica
1514 4443 1699 4506 senentiam
1722 4442 1899 4521 postulant.

311 4527 498 4603 timaristo.
513 4531 780 4611 Nectitigsntibus
790 4532 888 4613 judex
901 4534 987 4613 prius
1000 4532 1073 4594 uelit
1165 4538 1215 4598 50.
1240 4533 1390 4598 Conclusio
1411 4535 1444 4596 in
1466 4553 1552 4598 causo
1572 4535 1681 4617 possim
1703 4535 1903 4616 omfanditso

313 4621 369 4685 sun
384 4623 534 4694 sententia
548 4623 685 4702 obviare,
708 4624 767 4686 nisi
784 4626 910 4705 quando
930 4625 988 4707 ipsi
1005 4626 1073 4706 jam
1126 4647 1192 4692 eom
1218 4628 1432 4692 renuntiatione
1455 4627 1669 4711 probationum.
1684 4657 1726 4674 -
1746 4628 1903 4700 Quamvis

312 4713 445 4800 peractis
460 4717 603 4781 omnibus
612 4719 688 4782 nibil
698 4720 834 4786 habeant
842 4721 875 4782 in
888 4721 1070 4802 questione,
1127 4721 1285 4784 conclusio
1298 4722 1331 4782 in
1346 4739 1441 4784 uuas
1455 4722 1595 4786 uideatur
1607 4722 1732 4784 dittcrre
1744 4741 1766 4784 a
1780 4741 1903 4786 mnan-

313 4807 398 4890 quod
411 4817 594 4890 proponant.
609 4829 624 4870 o
1126 4813 1255 4880 tiations
1288 4813 1469 4878 ulteriorum
1500 4815 1738 4896 probationum,
1768 4835 1841 4898 urg.
1873 4835 1902 4879 o.

352 4907 405 4966 47.
428 4899 619 4986 Intellipendo
640 4903 719 4968 estad
736 4904 893 4989 injudicio
905 4903 1074 4986 ordinaria·
1126 4906 1302 4972 Pastorolis.
1316 4909 1346 4970 5.
1369 4906 1406 4969 dc
1434 4905 1531 4972 Causa
1555 4925 1675 4990 possus.
1703 4916 1732 4970 et
1750 4909 1901 4992 proprian

313 5013 392 5063 secus
406 4998 437 5060 in
450 4997 617 5061 summario.
637 5028 677 5047 ·-
691 4999 828 5083 Intelliga
843 5008 948 5064 tamen
960 5000 1021 5064 hoo
1034 5001 1073 5064 da
1126 5002 1169 5066 ibi
1187 5021 1194 5064 :
1215 5023 1230 5061 u
1246 5004 1422 5081 Antequam
1443 5000 1658 5064 renuntiatum
1678 5002 1728 5081 sit,
1752 5009 1811 5065 ant
1826 5021 1904 5067 eon·

310 5089 427 5174 judicio
450 5085 623 5169 ordinario,
639 5091 678 5153 ds
700 5109 762 5172 quo
783 5112 822 5156 ex
835 5093 973 5173 professo
987 5112 1074 5156 nuno
1126 5096 1247 5159 clusum
1270 5095 1300 5156 in
1323 5093 1519 5177 proprietatis
1537 5093 1652 5175 iudicio
1671 5114 1679 5158 e
1695 5113 1712 5156 u
1729 5095 1784 5158 nbi
1799 5095 1900 5172 dicto,

314 5201 417 5250 sermo
430 5186 486 5250 est.
503 5187 580 5250 Nam
594 5179 627 5248 in
640 5187 818 5262 summario,
830 5187 883 5250 ubi
897 5187 1075 5271 simpliciter
1131 5197 1219 5268 cnut,
1230 5212 1246 5252 u
1264 5190 1387 5253 uidetur
1398 5189 1548 5253 denotare
1563 5189 1773 5254 diversitatem
1788 5208 1903 5270 quum·

315 5283 347 5342 et
366 5281 405 5344 de
427 5280 521 5361 plano
548 5279 743 5362 proceditur,
757 5283 859 5361 potest
877 5277 975 5361 judex
993 5279 1073 5344 torre
1126 5283 1212 5346 dum.
1240 5281 1445 5347 Nihilominus
1478 5283 1519 5348 in.
1537 5281 1623 5364 praxi
1655 5282 1751 5344 bodie
1778 5283 1901 5363 passim

318 5367 503 5443 sententiam
534 5369 627 5437 etiam
663 5373 904 5438 conclusiones
935 5373 1073 5456 partibus
1125 5376 1327 5458 contunditur
1352 5376 1540 5440 renuntiatio
1573 5375 1795 5464 probationum
1824 5394 1901 5442 cum
