4080 6064
306 213 348 278 80
533 209 605 277 ΗΒ.
627 215 661 278 11.
685 207 893 281 cucurrit.
916 211 986 282 ΤΙΤ.
1008 212 1097 286 XXII.
1121 223 1170 284 [tlt
1189 221 1278 288 FIDE
1298 219 1658 298 disseminaretur.

545 653 712 724 'eltutus
741 658 833 726 ml

318 895 320 900 .
445 840 491 908 oe
516 845 594 911 siue
621 845 931 914 instrumentorum.

345 1036 373 1096 1.
397 1033 484 1097 Ratio
505 1033 728 1098 continuationis
750 1035 945 1100 rubricarum.
970 1037 1071 1119 Scrip

306 1135 374 1189 tura
382 1127 474 1208 juvat
487 1127 527 1190 ad
541 1128 737 1208 probationem
754 1139 846 1208 actus,
867 1130 931 1192 lt'oct
949 1131 990 1193 ad
1007 1131 1070 1213 ejus

304 1219 495 1282 subtantiam
507 1239 565 1282 non
578 1239 691 1304 semper
702 1222 882 1304 requiratur.
898 1255 939 1270 —
954 1223 1024 1284 Viso
1038 1225 1070 1286 in

305 1313 552 1394 praecedentibus
566 1315 688 1376 duobus
696 1315 791 1378 titulis
805 1315 843 1377 de
858 1317 956 1396 prima
966 1317 1069 1396 speeie

304 1407 506 1488 probationis,
520 1425 589 1485 quae
603 1407 639 1470 fit
652 1425 709 1488 per
717 1411 823 1484 testes,
837 1411 975 1488 sequitur
985 1425 1069 1471 nunc

305 1499 345 1561 de
364 1501 471 1574 altera,
491 1518 560 1579 quae
579 1500 613 1563 fit
630 1518 687 1580 per
713 1501 929 1564 instrumenta·
949 1503 988 1565 Et
1006 1520 1070 1563 me·

305 1593 380 1655 rito:
398 1609 470 1652 nam
484 1592 624 1672 probatio
638 1592 769 1670 facilius,
786 1593 1070 1673 etseeuriuslitper

305 1685 363 1746 scri
387 1690 500 1762 turum,
519 1683 590 1746 lieet
610 1685 678 1744 haeo
696 1685 735 1746 ad
756 1687 964 1749 substantiam
982 1691 1069 1748 aolus

303 1703 505 1857 noussemper
517 1778 701 1857 requiratur,
717 1779 738 1840 l.
757 1777 959 1842 Contrctitur.
978 1781 1009 1843 li.
1035 1779 1070 1842 de

307 1870 457 1953 Piqnorit.
473 1871 535 1932 ibi:
556 1872 676 1933 cFiunt
690 1873 773 1934 enim
788 1874 827 1936 de
838 1875 886 1935 his
896 1875 1065 1956 scriptura,

1126 356 1160 418 de
1173 355 1331 440 Supellect.
1348 360 1436 440 leqot.
1452 369 1484 425 et
1497 381 1525 426 c.
1537 364 1732 447 Siqnificasti.
1747 369 1795 430 18.
1808 367 1894 447 §tim

1125 445 1161 510 dc
1173 447 1321 512 Homicid.
1338 453 1400 514 ibi:
1422 455 1580 518 «Ratione
1594 457 1806 534 instrumenti,
1822 479 1899 523 cum

1125 561 1187 624 quo
1202 547 1267 626 ipse
1281 551 1442 630 percussit.
1458 573 1474 611 o
1493 559 1525 614 et
1538 553 1622 614 alibi.
1637 555 1757 617 Verum
1775 555 1815 618 de
1835 557 1901 617 ins·

1125 643 1282 702 trumento
1292 643 1335 704 sio
1348 643 1521 726 largissime
1532 654 1655 728 sumpto
1667 647 1899 728 impresentia-

1125 750 1194 794 rum
1209 752 1272 796 non
1286 743 1333 798 est
1345 753 1458 802 sermo.

1165 830 1194 888 1.
1217 827 1445 894 instrumentum
1458 832 1568 909 stricte,
1581 833 1680 916 quid?
1696 869 1734 884 -
1746 837 1841 917 Besp.
1858 839 1897 900 ll.

1124 921 1365 984 instrumentum
1389 925 1493 988 stricte
1516 934 1689 1008 occeptum,
1715 947 1773 992 seu
1795 949 1899 1010 quan-

1125 1019 1190 1074 tum
1200 1013 1358 1077 attineted
1366 1017 1522 1080 rubricam
1532 1021 1696 1102 presentis
1704 1021 1798 1096 tituli,
1810 1023 1899 1085 idem

1124 1108 1189 1180 est,
1216 1123 1252 1168 ee
1281 1108 1433 1188 scriptura
1456 1129 1525 1192 quae
1547 1111 1582 1175 fit
1607 1112 1647 1175 ad
1674 1115 1898 1196 probationem

1124 1197 1255 1278 alicujus
1268 1200 1313 1262 rei
1328 1201 1360 1262 in
1373 1201 1512 1266 laturum
1524 1204 1709 1270 faciendam.
1727 1208 1772 1270 lta
1785 1208 1896 1271 Abboa

1123 1292 1164 1354 ad
1177 1293 1290 1356 rubrio.
1304 1294 1335 1356 h.
1351 1301 1375 1358 t.
1391 1298 1488 1360 etalii
1503 1301 1629 1380 passim.
1645 1303 1736 1366 Ratio
1750 1308 1837 1382 patet
1854 1321 1896 1366 ex

1123 1383 1190 1465 ipsa
1204 1384 1382 1450 diversitate
1397 1387 1576 1466 titulorum
1592 1411 1665 1456 nam
1680 1395 1706 1458 si
1719 1395 1772 1457 bio
1785 1395 1899 1477 appel-

1122 1477 1237 1541 latione
1259 1479 1532 1564 instrumentorum,
1559 1487 1653 1550 etiam
1680 1493 1777 1552 testes
1807 1489 1898 1550 veni·

1122 1577 1202 1648 rent,
1219 1590 1282 1634 non
1301 1572 1459 1640 debuisset
1476 1597 1561 1642 nuno
1579 1581 1653 1660 poni
1673 1581 1799 1644 rubrica
1822 1601 1896 1664 spe·

1123 1663 1220 1742 cialis,
1236 1665 1440 1730 sedsimulde
1450 1669 1589 1750 utrisque
1599 1673 1892 1754 agendumiuisset.

1122 1759 1223 1837 Atque
1238 1759 1277 1820 de
1292 1760 1506 1825 instrumentis
1527 1763 1559 1824 in
1580 1763 1640 1826 hac
1661 1773 1819 1846 postrema
1840 1785 1899 1829 ec-

1122 1851 1264 1932 ceptione
1278 1852 1446 1932 loquendo.

1161 1948 1191 2008 5.
1214 1945 1442 2009 instrumentum
1461 1949 1546 2014 aliud
1567 1959 1610 2014 eet
1627 1951 1789 2034 poliebam,
1810 1953 1899 2016 aliud

1119 2039 1280 2121 meatum.
1301 2071 1342 2088 -
1358 2041 1451 2122 Resp.
1470 2043 1520 2106 Ill.
1545 2047 1790 2108 instrumentum
1808 2045 1896 2107 aiud

1121 2138 1169 2195 est
1182 2131 1352 2213 publicum,
1368 2133 1452 2196 aliud
1462 2135 1635 2216 privatum:
1648 2143 1744 2218 etque
1754 2138 1794 2200 do
1806 2145 1896 2200 ntro·

1121 2243 1182 2306 que
1202 2225 1234 2288 in
1255 2227 1401 2304 praesenti
1422 2227 1510 2290 italo
1527 2235 1678 2292 tractatur
1690 2233 1736 2293 uti
1751 2235 1840 2312 petet
1852 2249 1894 2293 ex

1121 2335 1148 2378 c.
1163 2316 1286 2399 Scripta
1303 2335 1370 2381 uero
1382 2321 1412 2384 2.
1429 2324 1461 2384 et
1474 2340 1501 2384 c.
1518 2321 1678 2404 imputari.
1694 2326 1745 2386 13.
1763 2327 1796 2388 et
1809 2341 1838 2392 o.
1854 2323 1897 2388 Si

1120 2412 1225 2474 cuuto.
1249 2414 1297 2476 11.
1322 2415 1354 2477 b.
1377 2420 1401 2478 t.
1417 2433 1491 2478 cum
1505 2417 1667 2480 similibus.
1684 2419 1792 2482 Porro.

1158 2507 1189 2567 6.
1203 2504 1441 2571 ‘instrumentum
1451 2509 1602 2590 publicum
1615 2510 1791 2593 qeneratim,
1806 2511 1892 2594 qm'd,

1119 2599 1300 2681 etqucejuc
1313 2601 1443 2683 merim?
1460 2635 1502 2650 -
1528 2625 1543 2664 o
1566 2607 1810 2669 instrumentum
1833 2623 1896 2686 pu·

1120 2691 1236 2755 blioum
1250 2715 1264 2754 o
1282 2695 1457 2775 generatim
1471 2696 1585 2760 dicitnr
1600 2715 1692 2762 omne
1706 2699 1795 2776 illud,
1807 2699 1895 2780 quod

342 2798 370 2857 2.
394 2795 655 2856 ioris-umentorum
669 2794 792 2868 nominc,
808 2793 891 2876 larqe
911 2791 1064 2876 quuendo,
1119 2784 1275 2864 publicam
1287 2787 1384 2850 hebet
1396 2791 1626 2856 auctoribrtem.
1642 2793 1825 2874 speculator
1838 2793 1891 2856 tit.

302 2907 335 2948 ea
349 2887 445 2947 omnia
458 2885 647 2966 coemuntur,
663 2885 767 2967 quitus
780 2903 866 2947 corna
888 2885 997 2947 instrui
1010 2903 1064 2968 po-
1119 2877 1154 2941 de
1181 2879 1317 2943 Editionc
1344 2881 1611 2948 instrumentorum.
1641 2885 1770 2966 §Nunc
1792 2886 1896 2950 dicen·

303 2985 367 3040 tect.
382 2975 486 3040 Etiam
500 2979 829 3050 testea-Quaeriturl.
841 2977 931 3054 Quid,
947 2981 979 3040 et
991 2995 1067 3058 qoo-
1119 2971 1200 3036 dum.
1216 2993 1248 3035 n.
1265 2978 1294 3038 l.
1319 2987 1351 3038 et
1374 2994 1460 3058 seqq.
1486 2978 1540 3040 ubi
1563 2980 1670 3060 plures
1690 2981 1894 3044 instrumenti

303 3073 408 3153 tcptex
426 3071 466 3132 sit
482 3073 745 3134 instrumentomt
762 3075 854 3151 Resp.
875 3075 897 3134 1.
916 3073 1014 3152 Larga
1035 3077 1066 3134 et
1119 3065 1235 3146 publici
1254 3067 1373 3148 species
1394 3078 1568 3148 enumeret,
1594 3071 1749 3150 videlicet,
1775 3073 1894 3136 instru-

302 3163 488 3242 generaliter
519 3165 683 3244 loquendo.
717 3165 978 3227 instrumentorum
1009 3179 1067 3224 no-
1119 3163 1259 3222 mentum
1279 3177 1375 3222 manu
1397 3162 1536 3242 publica,
1560 3181 1617 3225 seu
1640 3163 1756 3246 publici
1778 3166 1894 3228 notarii

301 3256 385 3318 mine
412 3275 476 3318 non
503 3261 624 3320 tanturn
646 3257 951 3338 comprehenduntur
971 3257 1063 3336 scrip
1119 3251 1305 3329 contectum,
1320 3254 1360 3317 de
1380 3273 1442 3334 quo
1461 3274 1535 3320 mox
1557 3259 1660 3338 plura.
1684 3259 1807 3322 Deinde
1828 3258 1895 3319 ins-

302 3357 390 3423 tura,
402 3349 560 3412 sedetiam
571 3354 676 3427 testes,
688 3349 1063 3430 horumquotestimonia3
1120 3351 1311 3410 trumentum
1339 3349 1517 3412 authentico
1540 3350 1643 3432 sigillo
1670 3353 1818 3432 episcopi,
1841 3371 1895 3414 ca-

302 3441 364 3502 imo
378 3447 410 3502 et
423 3441 522 3501 omnia
535 3441 596 3502 elia
611 3440 763 3520 probatio,
779 3459 835 3520 per
849 3457 943 3522 quam
958 3457 1064 3517 cenae,
1119 3439 1220 3521 pituli,
1244 3441 1294 3502 vel
1318 3441 1473 3522 principia,
1496 3447 1551 3507 aut
1570 3444 1770 3524 magistratus
1794 3461 1895 3508 saecu

302 3541 333 3596 et
346 3533 454 3595 notitia
464 3533 577 3612 judicis
591 3533 702 3597 instrui
716 3538 828 3612 potest.
844 3533 1069 3596 Etiuhoclar·
1120 3532 1192 3594 laris
1214 3531 1369 3594 munitum
1393 3533 1426 3594 in
1448 3535 1542 3596 rebus
1568 3535 1611 3596 ad
1638 3553 1730 3596 suum
1757 3535 1895 3598 officium

302 3625 381 3708 giori
395 3645 489 3688 sensu
502 3626 737 3708 intelligendum
751 3629 799 3688 est
812 3625 900 3703 illud,
916 3625 999 3705 quod
1013 3625 1067 3685 he·
1120 3625 1343 3704 spectantibus,
1369 3645 1437 3707 cap.
1463 3645 1497 3690 n.
1520 3628 1629 3708 juncta
1654 3629 1763 3690 Glossa
1784 3631 1816 3706 γ.
1839 3628 1895 3691 Si-

302 3721 393 3783 betur
406 3741 433 3784 c.
450 3721 589 3784 Peruenit
601 3719 641 3782 od
652 3717 841 3784 emunctam.
858 3725 887 3783 1.
907 3719 942 3783 de
961 3717 1063 3781 Teati.
1119 3717 1233 3799 pilium.
1249 3719 1281 3780 h.
1297 3727 1320 3782 t.
1337 3722 1482 3799 quamvis
1496 3721 1582 3785 idem
1596 3723 1781 3802 Speculatus
1803 3743 1837 3785 n.
1861 3729 1894 3787 2.

301 3814 419 3896 coqmd.
436 3815 499 3876 ibi:
520 3817 644 3878 «Nemo
659 3813 752 3876 dohet
765 3813 941 3874 adversario
956 3813 1066 3874 instru-
1121 3816 1217 3886 notat,
1251 3813 1310 3874 tale
1338 3813 1579 3879 instrumentum
1616 3816 1719 3897 potius
1751 3817 1812 3880 dici
1840 3835 1898 3879 au-

302 3913 417 3981 mente,
434 3923 565 3986 quorum
580 3903 786 3984 appellatione
802 3907 895 3966 testes
909 3902 1067 3964 contineu-
1119 3903 1291 3968 theotioom
1327 3922 1421 3985 ιῙιιιιιιι
1461 3908 1631 3988 publicum.
1671 3909 1790 3988 i'crtio,
1828 3911 1895 3973 ins-

303 4007 363 4078 tur,
380 3999 605 4062 subtraheres
631 3999 706 4059 ltem
724 3996 811 4072 illud,
831 3999 913 4076 quod
936 3997 958 4058 l.
982 4001 1005 4060 1.
1030 3997 1064 4060 ff.
1121 4000 1309 4059 trumentum
1333 4001 1493 4080 publicum
1518 4006 1665 4066 consetur
1686 4004 1776 4082 illud,
1808 4005 1896 4084 quod

302 4091 334 4156 h.
351 4099 373 4156 t.
390 4093 534 4167 babetur,
549 4092 609 4154 illis
622 4091 743 4154 verbis:
760 4113 774 4149 ι
786 4093 1065 4154 instrumentorum
1119 4091 1168 4151 est
1201 4089 1382 4152 auctoritate
1405 4091 1520 4171 judicis
1546 4094 1758 4174 exemplatum
1783 4115 1791 4158 :
1822 4115 1894 4176 cap.

301 4187 428 4251 nomine
451 4207 488 4251 ea
512 4188 615 4250 omnia
638 4186 817 4266 accipianda
840 4190 929 4261 sunt,
953 4185 1066 4264 quibus
1119 4181 1236 4261 penult.
1268 4186 1301 4246 et
1327 4183 1383 4246 ott.
1412 4185 1444 4246 b.
1473 4191 1497 4247 t.
1528 4192 1561 4247 et
1588 4204 1657 4266 oap.
1688 4203 1712 4250 ι.
1740 4206 1778 4250 ac
1804 4205 1893 4268 seqq.

301 4301 397 4346 cause
409 4282 519 4346 instrui
533 4285 652 4363 potest;
669 4284 701 4343 et
714 4278 784 4342 ideo
798 4285 862 4340 tam
875 4277 1066 4354 testimonia,
1120 4272 1156 4335 dc
1168 4273 1345 4357 Confirmat.
1361 4277 1428 4339 util.
1444 4287 1475 4340 et
1486 4279 1507 4341 l.
1533 4279 1690 4343 Publicoti.
1711 4299 1739 4344 c.
1765 4280 1802 4344 cie
1825 4281 1894 4343 Ter·

303 4391 398 4456 ιιιιιιιιι
412 4393 552 4455 persone
567 4375 845 4437 instrumentorum
865 4372 933 4434 loeo
951 4371 1067 4434 baben·
1120 4375 1239 4430 tament.
1268 4388 1340 4431 oum
1367 4371 1547 4448 similibus3
1582 4379 1678 4452 etque
1705 4374 1787 4436 inira
1814 4375 1833 4456 fi
1860 4379 1891 4438 Ξ.

304 4473 363 4532 tnr.
381 4491 395 4528 ιι
413 4469 501 4541 Quod
513 4487 582 4531 esse
595 4466 812 4545 accipiendum
831 4465 864 4526 in
881 4464 1007 4545 largiori
1026 4463 1067 4524 ai·
1121 4481 1151 4524 ιι.
1168 4465 1218 4526 13.
1234 4465 1285 4526 13.
1302 4465 1334 4526 ot
1351 4481 1438 4544 seqq.
1459 4465 1593 4545 amplius
1612 4467 1743 4532 dicetur.
1768 4469 1893 4546 Quarto,

304 4563 511 4645 gnificationc,
533 4563 600 4642 jam
629 4560 745 4623 dictum
778 4566 824 4622 est
850 4557 992 4638 superius
1017 4557 1064 4621 tit.
1120 4554 1361 4618 instrumentum
1375 4557 1672 4639 diciturpublioum,
1689 4559 1776 4641 quod
1790 4561 1822 4622 in
1840 4561 1896 4640 ju·

303 4673 395 4737 praec.
411 4657 441 4734 §.
457 4660 485 4718 1.
501 4674 541 4716 ιι.Ι
552 4657 600 4716 11.
1022 4671 1025 4676 ·
1119 4647 1199 4710 dicio
1213 4648 1356 4711 scribitur
1369 4651 1454 4730 apud
1466 4659 1535 4714 ecte
1550 4652 1698 4732 publica:
1715 4659 1752 4718 ut
1764 4674 1792 4718 c.
1817 4655 1897 4734 (iuo-

343 4751 372 4812 3.
396 4748 622 4810 instrumentum
637 4746 799 4828 Icrqc'acime
810 4753 968 4829 occeptum,
988 4763 1065 4808 corn·
1119 4741 1200 4802 mam
1216 4741 1363 4805 conrade
1376 4743 1547 4806 Probatioa.
1565 4746 1633 4808 etl.
1660 4747 1716 4809 ult.
1741 4767 1770 4810 c.
1793 4748 1830 4811 de
1852 4749 1899 4812 ite

304 1971 338 2027 ut
358 1965 441 2044 quod
462 1969 566 2028 ectum
587 1969 635 2028 est
653 1981 710 2046 per
727 1985 780 2028 eas
800 1967 920 2031 lucilius
944 1969 1067 2050 probari

291 2055 420 2139 possit:
437 2063 468 2120 et
481 2059 548 2120 sine
562 2059 729 2121 bisantem
748 2061 838 2137 valet,
856 2061 946 2142 'quod
964 2065 1067 2125 ectum

304 2159 361 2229 est,
377 2151 403 2214 ei
417 2152 531 2216 hebeat
544 2153 769 2234 probationem.

652 2355 713 2435 §a

302 2541 339 2590 os
360 2539 622 2590 remuneretur
641 2543 758 2589 aaroni
784 2539 822 2588 sn
847 2541 1001 2604 cennens,
1028 2541 1066 2588 nc

479 2635 516 2680 on
536 2635 738 2684 rnsrnoueuro
758 2635 886 2683 raanco.

301 4839 453 4926 metendit
472 4839 560 4901 cnam
580 4839 715 4900 marsilia
732 4839 843 4901 domus.
869 4869 909 4885 -
934 4836 1068 4900 Tenetur
1118 4833 1241 4916 jrcdicat.
1259 4835 1374 4912 Quinto,
1394 4837 1638 4901 instrumentum
1659 4839 1774 4903 dicitur
1794 4841 1897 4924 publi⁴

303 4937 355 5000 itle
369 4934 541 5016 largissima
555 4935 693 5014 acceptio
717 4933 924 5012 instrumenti,
949 4951 1012 5013 qua
1033 4931 1068 4994 il·
1120 4945 1204 5002 oum,
1229 4929 1312 5007 qood
1330 4929 1370 4990 de
1394 4929 1532 4992 archivio
1553 4931 1679 5009 publico
1699 4934 1894 5015 producitur,

302 5031 356 5094 lud
371 5031 429 5090 sub
443 5045 477 5092 se
490 5027 725 5108 comprehendit
738 5027 831 5090 etiam
844 5025 999 5100 utensilia,
1011 5041 1067 5104 per
1121 5039 1186 5102 erg.
1203 5041 1272 5086 con.
1287 5023 1436 5085 Peruenit.
1453 5026 1503 5087 30.
1522 5041 1553 5104 q.
1569 5028 1599 5087 1.
1616 5033 1648 5088 et
1661 5044 1689 5089 o.
1706 5025 1760 5090 Aa
1771 5027 1899 5092 cumen·

303 5141 373 5205 quae
399 5125 523 5198 domne,
549 5121 600 5183 vel
621 5119 734 5182 laudus
754 5120 924 5183 instruitur.
947 5121 981 5182 ln
1004 5135 1066 5200 quc
1122 5115 1203 5178 ram.
1220 5117 1269 5178 13.
1284 5115 1320 5178 dc
1334 5115 1503 5199 Proescript.
1527 5121 1559 5182 el
1581 5120 1676 5184 suth.
1700 5119 1754 5183 Ad
1776 5120 1839 5184 boec
1860 5120 1897 5184 dc

303 5235 396 5282 sensu
410 5218 448 5279 de
470 5215 681 5278 instrumentis
699 5213 735 5277 fit
756 5213 874 5274 mentio
894 5212 917 5274 l.
942 5215 964 5274 1.
990 5221 1021 5274 et
1043 5213 1066 5274 l.
1121 5207 1166 5270 iic.
1183 5227 1210 5271 o.
1234 5207 1270 5272 dc
1289 5207 1367 5272 Fide
1384 5209 1568 5274 monument.
1592 5213 1686 5276 Addit
1710 5213 1896 5292 Speculator

302 5314 508 5376 instrumenta.
534 5329 571 5373 eo
591 5325 678 5389 seqq.
701 5307 734 5370 n.
759 5305 794 5368 dc
814 5305 920 5368 Fando
946 5307 1068 5368 immic-
1119 5303 1179 5364 loc.
1199 5302 1250 5366 cit.
1275 5321 1308 5364 n.
1331 5305 1362 5366 3.
1390 5307 1484 5384 etque
1506 5305 1688 5366 Masoardus
1710 5305 1745 5368 dc
1767 5305 1891 5390 Prant.

306 5419 345 5486 to,
361 5415 419 5471 etc.
436 5411 468 5472 et
481 5407 503 5470 1.
519 5406 542 5469 l.
558 5408 590 5469 et
602 5403 623 5466 1.
643 5399 842 5466 Instruments'.
864 5417 902 5462 cc
921 5415 1009 5480 seqq.
1031 5399 1064 5466 u.
1120 5403 1227 5476 quest.
1256 5398 1287 5462 6.
1311 5413 1445 5480 prooem.
1466 5415 1499 5463 u.
1523 5399 1573 5463 13.
1589 5403 1660 5482 post
1673 5401 1892 5466 innocentium
