4080 6064
11 5647 136 6036 l

315 260 354 325 30
470 255 541 324 lla.
563 251 598 322 ll.
621 253 828 322 umanum.
850 255 921 320 'ltu
942 257 1006 319 XX.
1028 257 1078 320 Dii
1098 257 1276 322 ammaus
1297 250 1720 350 numerabamus.

314 393 433 458 centius
443 411 469 456 c.
491 393 630 472 Quoniam
643 401 752 453 sonmo.
767 391 803 454 de
814 389 951 468 Prodat,
964 391 1071 452 barto-
1122 391 1172 454 lex
1184 391 1285 454 edicta
1299 392 1423 456 metum
1436 393 1570 474 benigne
1583 386 1882 473 interpreteninrme

312 489 361 550 lus
374 489 395 550 l.
411 489 464 550 fin.
481 487 513 548 ll.
532 485 568 548 de
582 483 766 562 Quaestionib.
1122 485 1249 565 perjurii
1262 489 1351 548 reatu
1364 489 1511 550 notentur
1527 506 1534 548 :
1551 487 1622 566 quia
1636 493 1800 566 utrumque
1823 486 1887 564 (in-

351 585 420 644 320.
443 581 489 644 Et
503 579 543 642 od
562 577 823 661 deprehendendam
842 574 986 660 ejusmodi
1006 595 1072 637 eon·
1124 577 1200 658 quit)
1220 595 1288 640 esse
1310 578 1419 661 potuit.
1434 601 1450 638 a
1467 578 1551 643 Idem
1565 579 1599 642 lit
1613 596 1639 641 e.
1662 578 1700 640 Io
1714 578 1882 660 meantia

314 675 501 747 uarietatem,
521 671 692 733 vometotem
704 677 732 734 et
744 669 960 743 vualterium,
990 675 1071 729 testae
1124 673 1152 732 8.
1168 671 1186 748 §
1201 669 1305 746 Quare.
1318 670 1354 733 dc
1368 670 1488 734 Probat.
1505 677 1535 733 et
1549 670 1633 733 alibi.

310 763 499 848 personaliter
520 781 644 826 evocare.
663 796 695 809 -
722 763 814 822 Porro
837 761 877 822 ad
899 757 1071 839 deprehen·
1163 764 1233 824 322.
1258 762 1348 825 Teates
1374 762 1428 825 dac
1451 783 1488 826 aa
1507 783 1566 826 ooo
1586 772 1671 848 porte
1688 761 1837 848 medaea
1855 769 1886 826 et

315 859 449 920 dandam
476 857 627 937 ejusmodi
655 855 915 926 contrarietatem,
943 852 1072 914 varieta-
1123 855 1179 919 a'te'
1204 850 1610 934 inanifeetmomradtmtpg,
1638 851 1713 920 altit
1731 857 1857 940 probant
1870 873 1886 920 ,-

228 1003 229 1008 ,
314 957 388 1026 tem,
404 970 459 1013 seu
468 949 694 1012 vacillationem
702 948 838 1021 testium,
854 947 878 1008 si
894 963 954 1026 qua
967 945 1071 1006 forsan
1123 947 1174 1011 ced
1185 947 1212 1011 si
1224 948 1310 1010 molti
1319 949 1441 1030 fuerim,
1454 952 1531 1014 oolet
1545 947 1736 1014 testimonium
1750 951 1885 1035 pluriam

313 1029 465 1121 subesset,
486 1043 611 1122 jubetur
633 1041 728 1122 judex
755 1047 848 1104 testes
870 1038 1072 1121 personaliter
1124 1041 1366 1122 mneoidootiom,
1389 1044 1445 1107 etsi
1463 1044 1612 1110 detitetar.
1627 1047 1772 1128 -ltesp
1795 1047 1831 1108 ll.
1851 1041 1885 1108 sl
1953 1105 1958 1114 ,

314 1153 453 1215 evocare,
470 1141 563 1216 atqua
584 1135 624 1198 ad
638 1133 881 1216 dignoscendum
902 1139 1015 1213 quanta
1035 1129 1073 1192 li·
1124 1136 1187 1198 duo
1213 1135 1361 1199 duntaxat
1376 1142 1469 1201 testes
1492 1155 1531 1201 cx
1552 1155 1614 1202 una
1636 1143 1722 1222 parte
1743 1137 1885 1220 producti

313 1229 369 1291 des
383 1229 456 1310 ipsis
469 1228 613 1290 habenda
627 1227 676 1305 sit,
692 1227 863 1301 attendere,
887 1223 1003 1304 «cujus
1025 1223 1072 1286 di·
1124 1231 1247 1308 tuamnt,
1272 1233 1304 1294 et
1325 1230 1382 1293 sibi
1409 1233 1569 1297 manifeste
1583 1231 1805 1308 conbadieant,
1820 1251 1886 1296 cer-

314 1321 451 1402 gnitatis,
475 1327 506 1384 at
519 1322 607 1401 cujus
627 1317 858 1382 existimationis
873 1318 934 1380 siut
949 1336 956 1380 :
974 1324 1006 1380 et
1019 1317 1071 1397 qui
1125 1329 1191 1386 tum
1212 1331 1268 1400 est,
1289 1338 1342 1386 eos
1355 1325 1430 1386 nibil
1443 1326 1575 1406 probare
1591 1335 1599 1387 ἐ
1615 1327 1688 1408 quia
1701 1343 1781 1390 unus
1796 1343 1886 1389 ener-

313 1413 491 1496 aimpiioitar
517 1415 572 1476 visi
599 1414 660 1477 sint
686 1413 787 1476 dicere
818 1432 825 1474 :
851 1417 956 1474 ulrum
975 1427 1072 1473 unum
1125 1423 1177 1480 vat
1190 1417 1306 1480 dietum
1319 1418 1455 1494 alterius,
1469 1435 1529 1482 neo
1547 1417 1665 1484 eoosut
1685 1420 1754 1500 quis
1775 1435 1886 1482 eorum

316 1507 544 1588 eumdemque,
561 1514 593 1572 ct
622 1508 869 1587 praemeditatum
897 1517 1072 1568 sermonem
1124 1510 1285 1573 vamtatem
1307 1511 1426 1575 dixerit.
1452 1513 1547 1576 Sacae
1570 1519 1626 1587 est,
1650 1509 1774 1595 quando
1797 1509 1886 1576 multi

316 1599 495 1662 attulerint:
512 1606 542 1662 a
555 1619 595 1661 an
608 1599 650 1662 ad
663 1617 711 1674 aa,
736 1615 805 1680 ΨΜ
827 1596 1070 1678 interrogaverit,
1125 1605 1166 1668 ab
1180 1603 1290 1667 ciuem
1303 1611 1391 1686 parte
1406 1611 1498 1670 testes
1515 1607 1737 1687 producuntur,
1753 1615 1886 1690 quorum

315 1710 353 1757 ex
367 1701 505 1776 tempore
517 1693 692 1756 verisimilia
706 1693 939 1774 responderim
953 1713 967 1750 o
982 1694 1073 1771 prout
1125 1699 1228 1779 plures
1249 1699 1329 1762 inter
1347 1717 1380 1762 se
1399 1702 1605 1776 concordant;
1622 1701 1716 1781 aliqui
1730 1717 1815 1774 vero,
1831 1695 1888 1762 sed

313 1789 505 1869 rescripsisse
528 1791 758 1866 Imperatorem,
786 1784 920 1849 babetur
945 1783 967 1845 l.
996 1785 1026 1844 3.
1054 1781 1073 1861 5
1125 1793 1297 1872 pauciores,
1320 1793 1359 1854 ab
1379 1793 1423 1855 eis
1444 1792 1621 1856 discordant
1647 1813 1654 1856 :
1678 1794 1761 1857 valet
1788 1791 1884 1866 enim,

314 1879 445 1963 Ideoque.
475 1877 511 1942 da
539 1877 641 1941 Tertii·
669 1877 781 1942 additia
806 1879 866 1940 illis
885 1873 1072 1939 notabilibus
1126 1887 1244 1948 ceteris
1258 1886 1394 1967 paribus,
1418 1887 1629 1950 testimonium
1650 1887 1785 1968 plurium
1807 1885 1888 1948 inter

312 1973 424 2050 verbis,
448 1971 589 2034 Videlicet
609 1991 616 2034 ἶ
647 1970 815 2034 UTGSiibUS
833 1989 877 2046 ΒΘ,
903 1986 966 2030 non
989 1965 1074 2030 [085¹
1127 1997 1160 2042 se
1175 1979 1447 2054 concordantium
1464 1979 1604 2061 quamvis
1617 1979 1723 2060 negari
1737 1999 1801 2044 110ss
1814 1999 1886 2062 pos.

313 2065 425 2126 moniis
445 2065 674 2128 crediturum»
698 2063 786 2143 Ouia,
808 2071 844 2128 ui
865 2063 981 2126 ibidem
1001 2059 1075 2121 ⁸¹11)-
1127 2073 1177 2147 sit,
1193 2087 1231 2134 ex
1244 2072 1299 2135 tali
1314 2073 1518 2152 quorumdam
1532 2073 1783 2150 contradictione,
1796 2075 1820 2136 si
1834 2073 1890 2136 fiat

314 2158 467 2238 jungitur:
489 2159 584 2220 “Alia
605 2161 653 2220 fisi
670 2157 837 2220 ⁸1¹⁰i⁰Pii³³
862 2151 1072 2235 Piffiflflflfiflffls
1127 2163 1208 2229 oiroa
1222 2165 1425 2235 substantiam
1439 2169 1564 2251 negotii,
1581 2187 1636 2232 seu
1655 2169 1816 2250 qualitates
1840 2165 1889 2228 in·

318 2251 380 2314 ⁸15⁸
405 2251 662 2328 iessiifflflssissfflffls
690 2265 759 2331 ‘111oe
786 2248 907 2312 Γθῦῑῑῑῐῑ
929 2245 1069 2308 ⁸0¹0fli·”
1126 2260 1285 2332 trinsecus,
1300 2260 1432 2322 aliorum
1446 2263 1570 2325 testium
1584 2261 1837 2326 concordantium
1850 2259 1889 2322 ii·

315 2347 387 2407 flac
401 2344 453 2407 ibi.
521 2374 523 2378 .
1127 2349 1198 2414 dem
1226 2348 1387 2427 debilitari,
1407 2353 1455 2438 ita
1482 2360 1516 2417 ut
1542 2355 1645 2418 miuus
1671 2354 1814 2436 probent.
1842 2355 1889 2416 lta

353 2442 422 2502 321.
446 2439 485 2503 Si
506 2445 588 2502 tettae
609 2437 761 2503 Meroua
782 2427 859 2500 inter
877 2454 907 2499 te
925 2432 1073 2509 meoet,
1127 2441 1234 2505 Glossa
1243 2445 1475 2526 marginalislit.
1488 2466 1515 2510 o.
1528 2445 1681 2510 inomao.
1697 2444 1728 2520 i.
1744 2445 1888 2510 Adverso.

316 2543 381 2598 lonc
391 2553 446 2618 pro
458 2533 588 2617 pomitilt
604 2531 686 2597 dedet
697 2532 794 2617 judea
813 2549 911 2595 eorum
932 2529 1011 2593 dicia
1033 2527 1075 2588 in·
1129 2545 1159 2600 et
1172 2534 1277 2598 Abbas
1290 2536 1362 2598 ibid.
1380 2555 1410 2600 n.
1426 2533 1455 2601 3.
1473 2539 1504 2602 b.
1520 2542 1556 2612 t.;
1573 2537 1700 2620 Pirhinq
1714 2539 1783 2601 eod.
1800 2552 1887 2600 num.

316 2628 482 2707 terpretori,
511 2635 545 2688 ut
563 2645 619 2690 noo
642 2625 849 2700 cooradimot,
870 2631 923 2686 etc.
952 2619 1075 2685 Tettium
1129 2629 1202 2702 1453
1219 2624 1406 2707 Farinocius,
1422 2630 1458 2693 de
1473 2619 1578 2694 Tertii.
1594 2635 1703 2713 quaest.
1724 2635 1774 2696 65.
1798 2652 1831 2696 n.
1850 2633 1888 2694 3.

312 2717 389 2780 tiata
411 2718 529 2800 tentqoe
549 2727 615 2781 aaut
637 2715 861 2800 intermeandi,
885 2731 920 2778 oe
944 2711 1077 2796 perjurii
1130 2725 1161 2782 et
1174 2737 1260 2799 seqq.
1276 2719 1413 2803 allegans
1428 2723 1515 2786 alios.
1532 2723 1724 2806 Quamquam
1748 2728 1891 2787 notanter

314 2820 397 2873 reatu
410 2821 558 2876 tutentur.
573 2844 612 2860 -
627 2811 778 2886 Ouaritur
790 2811 825 2872 ll.
842 2808 920 2881 Ouid
938 2807 1029 2888 juris,
1050 2809 1076 2870 sl
1129 2811 1272 2889 addatur,
1290 2817 1433 2878 «caeteris
1444 2817 1569 2898 paribus
1581 2817 1664 2879 velet
1675 2815 1889 2880 testimonium

257 2965 263 2980 ,
315 2911 408 2968 testas
431 2906 597 2968 hincinde
619 2903 760 2986 producti
774 2900 1076 2966 rideanturiuterse
1129 2908 1275 2988 plurium,
1294 2933 1309 2966 a
1325 2913 1384 2972 etc.
1400 2911 1477 2982 Quia
1497 2929 1560 2972 non
1583 2909 1623 2972 ad
1645 2909 1743 2972 solam
1767 2909 1890 2972 testium

221 3051 224 3056 .
317 2999 590 3082 contramitltesp.
604 2999 627 3061 l.
650 2997 698 3060 ud
719 2997 852 3060 officium
871 2993 986 3077 judicis
1006 3009 1077 3054 oum
1129 2997 1359 3062 multitudinem
1377 3001 1530 3082 respicere
1551 3007 1682 3082 oportet,
1706 3001 1761 3064 scd
1783 3002 1888 3075 etiam,

317 3092 424 3174 primis
437 3095 580 3173 P⁰f¹5¹¹⁰b
596 3099 690 3156 testes
704 3089 866 3171 ejusmodi,
882 3089 906 3150 Si
930 3084 1077 3167 P⁰⁸⁵ibil⁰
1111 3083 1113 3087 ¹
1130 3109 1170 3154 an
1185 3099 1295 3154 catera
1310 3095 1370 3158 siut
1382 3097 1479 3177 paria,
1504 3095 1728 3158 considerando
1745 3095 1891 3158 videlicet

319 3192 376 3264 est,
392 3187 514 3250 intereo
528 3185 704 3261 conciliare,
719 3193 751 3248 et
763 3185 804 3247 ita
819 3180 1012 3264 interpretari
1026 3197 1078 3240 oo·
1131 3202 1238 3248 eorum
1258 3181 1448 3264 qualitatem,
1471 3197 1502 3252 at
1524 3205 1656 3268 quorum
1678 3187 1766 3250 dictis
1788 3185 1893 3268 potius

320 3297 388 3340 ram
409 3280 500 3354 dicta,
523 3287 557 3344 ut
579 3283 628 3343 vel
648 3297 711 3342 non
734 3279 957 3348 contradicant,
972 3273 1022 3335 nel
1038 3271 1077 3334 de
1131 3277 1279 3359 affulgeat
1299 3279 1352 3342 iux
1376 3283 1522 3360 remmia,
1543 3301 1598 3346 seu
1612 3281 1666 3364 qni
1679 3281 1893 3346 rensimiliort

316 3371 444 3434 diversis
470 3372 590 3436 actibus
616 3373 795 3454 deposuisse
822 3375 1016 3433 censeantur.
1033 3367 1077 3427 lta
1130 3371 1306 3452 deponaut;
1328 3381 1421 3456 prout
1434 3379 1576 3440 observat
1593 3371 1731 3458 pontifex
1744 3375 1777 3438 lu
1791 3376 1844 3439 oit.
1861 3383 1890 3436 a.

320 3466 428 3528 illoesa
441 3484 467 3528 c.
484 3466 521 3528 lo
534 3475 644 3528 nostre.
664 3469 714 3528 32.
735 3468 766 3542 5.
781 3463 921 3526 Adrano.
937 3463 970 3524 h.
985 3467 1008 3523 t.
1023 3459 1077 3522 ubi
1130 3463 1169 3528 lo
1182 3473 1291 3530 rotro.
1307 3471 1357 3532 32.
1373 3467 1405 3531 h.
1421 3476 1444 3532 t.

316 3559 562 3638 magisterialiter
580 3559 740 3622 declarant
761 3557 921 3622 materiam
943 3557 982 3618 do
1003 3573 1078 3617 con·
1170 3563 1238 3626 333.
1263 3561 1340 3640 Ouid
1358 3563 1511 3647 coendum,
1531 3565 1559 3627 ti
1577 3563 1634 3628 duo
1657 3571 1739 3628 testes
1757 3568 1894 3626 matera

316 3657 475 3724 trariemte
501 3657 636 3727 testium,
664 3663 748 3718 recte
776 3655 857 3715 inter
883 3651 943 3714 alia
975 3651 1078 3721 &tum
1131 3651 1254 3736 odrpent
1276 3657 1405 3733 tertium,
1428 3659 1484 3741 poi
1501 3665 1588 3740 nepot
1607 3677 1637 3722 re
1653 3657 1896 3738 detestaretur

317 3749 548 3820 conclusionem
570 3748 720 3829 intelligit,
746 3747 810 3818 siue
833 3753 928 3811 testes
955 3748 994 3811 ab
1017 3771 1078 3814 una
1131 3747 1243 3829 aliquid
1264 3749 1347 3827 seim,
1374 3759 1428 3815 etr.
1444 3753 1540 3832 Magis
1554 3754 1742 3816 credendum
1756 3757 1803 3816 est
1816 3751 1895 3814 duo-

317 3845 417 3926 parte,
434 3842 497 3904 sive
512 3861 550 3905 ex
563 3845 695 3920 utraque
708 3840 849 3921 producti
863 3840 944 3902 inter
962 3861 995 3904 se
1017 3843 1080 3906 dis-
1131 3842 1190 3904 bus
1211 3842 1445 3923 affirmantibus,
1471 3863 1564 3926 quam
1585 3845 1768 3929 negantibus
1784 3865 1792 3906 t
1809 3845 1896 3928 idque

318 3937 450 4010 uideant,
475 3951 511 3997 ac
534 3935 656 3998 diversa
677 3933 844 4015 deponant.
864 3933 969 3997 abbas
982 3937 1033 4000 cit.
1049 3957 1075 4002 o.
1132 3935 1307 4000 declarator.
1323 3969 1362 3986 -
1375 3939 1413 4001 ut
1427 3937 1624 4002 conformiter
1637 3939 1725 4002 dictis
1739 3936 1894 4001 resolven-

317 4033 354 4098 ln
368 4042 475 4094 aare.
490 4051 522 4094 u.
538 4037 570 4094 l.
585 4035 617 4094 et
630 4029 764 4092 Barbosa
779 4029 853 4092 ibid.
872 4047 904 4091 n.
929 4033 986 4104 143
1002 4033 1080 4094 Rota
1131 4029 1206 4094 dum
1220 4035 1267 4094 est
1279 4031 1354 4094 illud
1375 4033 1514 4107 dubium,
1537 4033 1611 4112 quid
1636 4032 1777 4095 videlicet
1797 4043 1895 4112 agen-

319 4129 403 4210 apud
425 4127 563 4190 Ricbium
586 4127 684 4188 Deoia.
707 4127 776 4188 503.
793 4142 824 4186 n.
840 4127 870 4186 9.
886 4129 916 4186 et
930 4124 1080 4188 alialtola
1132 4122 1205 4185 dum
1224 4123 1273 4199 sit,
1297 4125 1322 4186 si
1343 4125 1407 4188 duo
1428 4131 1523 4188 testes
1544 4129 1700 4190 animatas
1721 4123 1762 4187 ab
1784 4125 1894 4189 eadem

320 4223 352 4283 in
374 4221 518 4283 Elboren.
542 4219 714 4282 Pensionis.
729 4223 746 4279 'l
760 4219 839 4298 junii
862 4219 949 4282 lom.
975 4237 1080 4281 coram
1132 4223 1219 4298 parte
1241 4219 1382 4300 producti
1403 4220 1539 4302 allegent
1560 4223 1686 4285 tertium
1710 4223 1891 4304 contectam,

319 4315 355 4376 u.
371 4311 407 4373 u.
423 4310 559 4388 Ubaido;
575 4313 704 4394 P-irhing
716 4312 749 4374 h.
771 4317 794 4374 t.
810 4331 841 4374 n.
859 4313 933 4386 1523
956 4310 1081 4374 Farina·
1131 4309 1190 4374 iste
1210 4311 1319 4375 tertius
1335 4329 1411 4375 vero
1423 4322 1515 4395 negat
1530 4331 1563 4375 so
1573 4311 1762 4386 interfuisse,
1778 4312 1826 4374 vel
1841 4309 1896 4373 ali·

322 4407 388 4471 cius
401 4406 442 4470 de
454 4409 594 4482 tectibus,
611 4415 720 4489 quast.
736 4407 784 4470 65.
798 4419 839 4476 u.
863 4406 912 4468 37.
937 4411 969 4470 ot
991 4424 1077 4486 seqq.
1133 4403 1309 4484 quidecim,
1325 4413 1380 4470 aut
1392 4407 1547 4470 recordari
1557 4407 1626 4470 talis
1640 4407 1725 4470 iacti.
1741 4403 1893 4469 sandoro

320 4497 459 4584 allegam
482 4502 629 4585 plurimos
642 4503 729 4576 alios,
745 4505 777 4564 et
797 4512 1003 4564 communem.
1019 4501 1080 4562 lla-
1133 4497 1246 4578 quippe
1265 4505 1312 4562 cst
1324 4501 1498 4564 testimonio
1519 4501 1650 4562 duorum
1674 4491 1800 4563 lectiani
1822 4516 1897 4561 cou-

322 4597 365 4660 tio
380 4601 436 4670 est,
452 4596 525 4675 quia
542 4594 664 4658 «dubia
678 4596 710 4658 in
724 4596 882 4658 meliorem
902 4601 1023 4674 partem
1036 4595 1078 4655 in·
1133 4591 1335 4668 condentium,
1365 4593 1552 4674 ceteroquin
1579 4598 1684 4656 tamen
1711 4592 1860 4655 babilium
1885 4611 1894 4655 ε

320 4691 482 4770 terpretari
496 4689 621 4765 debent,
636 4711 651 4750 n
670 4695 855 4772 pertextam
869 4689 1030 4769 vulgatum
1047 4688 1080 4747 in
1132 4691 1198 4748 tum
1212 4684 1284 4765 quia
1299 4691 1371 4750 aaut
1383 4701 1513 4748 numero
1527 4687 1642 4769 plures,
1663 4687 1766 4767 sicque
1787 4699 1897 4768 proce-

321 4803 350 4848 c.
365 4783 477 4846 Estote.
491 4781 526 4846 de
541 4783 612 4866 Rep.
622 4783 713 4868 juria.
730 4783 887 4864 Simulque
902 4783 975 4862 quia
987 4799 1080 4844 nemo
1133 4775 1211 4840 duut
1223 4777 1472 4858 proximantem
1488 4785 1554 4840 tum
1568 4779 1640 4857 quia
1654 4779 1754 4859 magis
1768 4775 1897 4840 creden-

321 4879 517 4961 praesumitur
538 4896 606 4940 asse
629 4881 780 4960 perjurus,
811 4877 836 4939 si
864 4873 958 4940 verba
984 4877 1080 4956 ipsius
1133 4873 1207 4934 dum
1222 4877 1268 4934 ast
1281 4871 1403 4934 duobus
1416 4869 1546 4934 testibus
1555 4869 1790 4943 affirmantibus,
1801 4881 1897 4952 quam

322 4970 552 5054 quoquomodo
567 4973 597 5032 iu
612 4977 732 5053 partam
746 4971 905 5034 meliorem
919 4971 998 5034 uehi
1011 4987 1081 5050 pos·
1134 4972 1258 5028 centum
1272 4965 1473 5047 negantibust
1491 4973 1525 5026 ut
1542 4965 1643 5046 inquit
1652 4962 1852 5028 Innocentius
1865 4983 1893 5026 o.

321 5080 411 5146 aunt3
439 5087 523 5152 ergo,
549 5070 574 5130 si
597 5072 692 5132 testes
707 5064 805 5146 prima
824 5065 922 5128 leonte
937 5063 1080 5127 contrarii
1136 5060 1209 5126 Com
1232 5077 1327 5142 caper.
1350 5057 1385 5121 de
1398 5057 1695 5137 Rouann'ot.,·lbbas
1717 5071 1746 5123 c.
1771 5057 1845 5122 Cam
1865 5059 1896 5119 lo

320 5170 499 5248 appareant,
523 5160 609 5245 prius
628 5161 734 5241 judex,
760 5159 785 5219 si
810 5157 875 5220 fieri
889 5159 1012 5238 poterit,
1028 5173 1081 5219 eos
1136 5149 1896 5219 aaa.n.t.dcTeatit.ettoan.Andreaso.Cort1
1993 5225 1995 5228 ¹

321 5259 507 5324 concordare
521 5255 666 5334 studebit,
680 5271 721 5315 uc
737 5251 873 5332 alioquin
888 5251 1014 5330 quidam
1029 5266 1082 5311 eo·
1134 5245 1269 5311 Jooome.
1292 5265 1322 5309 n.
1346 5251 1375 5312 8.
1399 5245 1434 5308 de
1452 5243 1526 5309 Fide
1544 5247 1724 5308 taetramott.
1740 5245 1845 5309 addita
1860 5260 1897 5306 aa

324 5367 391 5414 rum
406 5351 521 5434 perjuri
535 5365 605 5411 esse
618 5345 847 5410 convincantur.
865 5341 898 5406 ld
913 5343 1012 5423 ipsum
1025 5359 1082 5424 pa·
1136 5341 1254 5404 ratione
1270 5356 1277 5402 ε
1294 5339 1366 5422 quia
1379 5339 1525 5422 possibile
1539 5345 1597 5420 cst,
1618 5341 1703 5420 quod
1726 5336 1777 5402 ubl
1802 5337 1907 5401 etiam'

324 5449 366 5518 tel
386 5465 423 5538 ex
439 5464 467 5512 a.
485 5443 560 5520 Cam
575 5451 616 5506 ta.
634 5445 682 5508 lt.
698 5440 729 5505 h.
749 5443 773 5508 t.
791 5437 841 5502 ubi
855 5436 968 5500 idcirco
981 5435 1084 5520 pontt·
1135 5435 1239 5520 plures
1262 5436 1335 5499 sunt
1353 5439 1532 5517 praecatas,
1556 5427 1619 5496 duo
1641 5435 1760 5497 uotum
1787 5431 1827 5495 nd
1852 5427 1895 5511 id,
