4028 6068
433 282 506 375 tt.
528 285 579 357 ιε
600 287 836 357 sxoamrouc
857 287 1270 370 exconnunnnnouts,
1299 287 1380 352 arc.

127 444 220 494 sermo
234 433 280 490 est
292 428 332 489 de
343 426 447 508 jndice
461 427 628 503 ordinario,
641 435 733 507 atque
744 428 811 508 jam
825 443 878 488 an-

125 529 169 584 tea
179 523 419 603 jurisdictionem
442 541 532 586 snam
545 523 690 598 habente,
708 530 739 585 ει
753 524 792 584 de
805 539 879 582 san-

126 618 210 679 tentic
223 637 279 698 per
291 617 393 698 ipsum
416 619 497 688 lata;
514 623 607 697 prout
620 617 746 680 uberius
761 617 878 678 dictum

124 718 164 772 εει
177 730 265 791 supra
280 712 332 773 lib.
349 713 373 773 1.
396 712 441 775 tit.
460 715 508 774 lll.
524 711 558 774 de
580 711 748 795 descriptis.
764 712 824 790 ξι.
841 729 873 770 ιι.

123 809 165 866 u.
179 808 271 868 ecla

158 901 219 959 lta.
240 897 375 960 Actorum
397 897 672 960 excommunicatum
691 895 772 958 dedet
779 893 877 975 judea

122 1007 154 1049 ea
172 987 265 1070 officio
287 990 426 1071 repellere
433 1009 449 1068 ‚⁰
468 999 498 1052 ct
521 989 656 1073 qualem?
669 1021 709 1038 --
726 987 829 1066 Scuto,
844 989 875 1048 in

123 1085 167 1144 cit.
181 1101 246 1164 cap.
263 1101 285 1146 1.
303 1084 333 1144 b.
350 1088 374 1147 ι.
390 1085 422 1146 ιιι
436 1088 466 1146 ιι.
488 1085 611 1158 dicitur,
636 1085 721 1163 quod
743 1085 767 1144 si
789 1086 877 1144 actor

122 1176 155 1236 sit
174 1176 294 1255 publico
318 1179 616 1254 excommunicatus,
641 1183 673 1240 et
696 1177 755 1237 boc
782 1175 877 1255 judex

123 1267 240 1342 ιιιειιι,
264 1270 526 1348 quandocumque
549 1270 641 1348 (licet
662 1286 735 1330 reus
756 1267 795 1328 de
816 1267 876 1327 boe

122 1359 340 1441 nonexcipist)
354 1363 457 1442 ipsum
475 1361 572 1441 judex
596 1379 635 1422 cx
657 1359 757 1422 officio
776 1358 878 1438 repel-

121 1452 177 1513 lere
190 1451 313 1514 debeat.
331 1457 432 1532 Atque
450 1451 534 1516 istud
547 1453 692 1515 ultimum
705 1459 799 1512 antes
810 1451 877 1529 jam

122 1549 260 1606 statutum
278 1545 382 1607 fuerat
394 1545 427 1606 in
439 1545 491 1608 cit.
507 1561 535 1606 o.
551 1543 773 1626 deceptionem.
790 1546 828 1604 ιι
844 1543 874 1602 ιι.

123 1645 140 1699 ι.
153 1637 235 1709 Quod
250 1643 356 1700 tamen
370 1639 411 1700 de
424 1639 517 1718 tacto,
539 1657 595 1700 seu
618 1643 688 1718 post
711 1637 878 1700 concilium

121 1733 368 1807 Gonatanciense,
384 1749 421 1792 ac
434 1731 550 1794 bnllam
563 1730 687 1792 Martini
700 1730 736 1788 t.
754 1726 805 1792 Ad
817 1729 875 1790 coi-

122 1821 211 1897 trado,
225 1824 328 1885 solum
342 1824 482 1903 procedit
493 1824 533 1888 de
548 1826 819 1888 excommunicato
833 1825 876 1886 ri·

120 1917 225 1991 budo3
244 1917 347 1997 qualis
365 1925 412 1981 est
433 1921 557 1999 publice
585 1923 797 1995 denuntiatus,
824 1927 877 1983 aut

120 2009 248 2070 nolanos
271 2028 438 2089 percussor
459 2013 561 2077 cleriei
579 2033 586 2078 :
603 2017 676 2097 quia
698 2033 878 2079 excommu-

121 2103 246 2165 nicatum
260 2121 329 2170 non
339 2107 499 2168 vitandum
514 2117 616 2190 potest
633 2110 760 2190 quidem
781 2109 877 2189 judex

120 2196 155 2256 ab
167 2199 287 2280 agendo
300 2199 465 2280 repellere,
482 2204 538 2264 sed
560 2221 624 2264 non
637 2211 762 2268 ‘uretur
775 2202 876 2284 repel-

121 2289 197 2364 lere3
213 2310 287 2354 com
309 2294 349 2356 dc
373 2293 454 2359 lacto
473 2315 536 2359 non
551 2299 704 2380 obligetur
718 2300 818 2377 ipsum
832 2296 878 2358 vi·

122 2389 189 2445 lare.
204 2386 319 2450 smrez
333 2389 414 2468 disp.
430 2393 479 2454 ro.
495 2390 532 2453 de
546 2391 694 2455 censuris.
711 2393 825 2453 sect.3.
842 2407 874 2450 n.

121 2482 151 2550 23
165 2479 292 2560 Pirhing
306 2481 338 2542 h.
354 2488 377 2543 t.
392 2501 426 2547 n.
444 2486 495 2546 20.
510 2489 542 2546 et
554 2485 617 2548 alii.

155 2575 216 2634 ltu.
241 2571 365 2649 osana
389 2577 646 2640 excommunicatio
667 2575 827 2660 opponitur
848 2575 878 2636 in

118 2665 170 2726 rim
185 2668 393 2748 perunptoria
415 2667 603 2751 acceptionis,
626 2689 683 2732 non
697 2669 879 2750 compellitur

117 2777 250 2840 opponens
273 2779 338 2822 eum
360 2763 484 2842 potare
503 2763 583 2844 snsra
603 2771 663 2825 octo
676 2762 748 2824 dces.
762 2793 804 2808 -
818 2761 877 2824 Ad·

21 2915 23 2950 r
118 2853 190 2914 ditur
203 2859 351 2918 uomntcr
373 2875 407 2918 rr.
427 2861 497 2919 tat.
518 2878 532 2916 u
547 2856 830 2921 Exoommunieatio
846 2856 877 2914 in

21 2981 22 2988 .
117 2949 171 3008 rim
184 2948 345 3012 dolatoria
360 2953 542 3031 opposita»
560 2959 620 3015 etc.
637 2955 682 3012 De
696 2952 747 3014 tali
763 2951 877 3030 quippe

22 3087 23 3090 ,
118 3043 290 3122 exceptione
314 3045 346 3105 in
367 3046 419 3108 cit.
445 3065 513 3126 cap.
536 3065 557 3109 1.
574 3047 606 3108 h.
623 3053 646 3109 ι.
662 3046 694 3108 in
708 3051 739 3110 6.
755 3048 803 3107 est
816 3061 879 3106 ser·

21 3167 23 3186 ·
116 3157 185 3200 mo:
209 3139 252 3200 uti
274 3143 363 3219 patet
390 3158 429 3202 ex
452 3147 515 3204 toto
543 3147 705 3214 contextu,
731 3157 768 3201 ac
789 3142 875 3200 notat

21 3259 22 3264 ¹
117 3234 213 3295 Glosm
236 3232 313 3294 ibid.
330 3252 411 3295 vers.
430 3234 569 3317 opponis.
588 3237 684 3298 Secus
699 3233 874 3308 dicendum,

117 3326 231 3404 qnando
255 3327 538 3389 excommunicatio
566 3327 734 3408 opponitur
756 3326 788 3386 in
813 3325 876 3387 vim

117 3420 324 3500 peremptoriae
348 3421 566 3501 exceptionis:
590 3427 626 3483 ol
655 3420 681 3480 ει
705 3420 804 3480 ειεειο
836 3418 876 3480 ad

116 3513 295 3575 beneficium
309 3515 569 3590 ecclesiasticum,
585 3531 736 3592 suamque
750 3511 876 3575 electio-

116 3623 180 3666 nem
193 3610 408 3688 prosequenti,
425 3628 463 3670 ex
476 3609 609 3672 adverso
623 3607 802 3687 objiciatur,
819 3621 876 3666 seu

116 3703 214 3760 contra
229 3702 334 3780 ipsum
349 3703 537 3783 excipiatur,
554 3703 637 3783 quod
652 3702 746 3764 luerit
760 3701 875 3762 electus

110 3790 141 3850 -in
155 3795 477 3858 excommunicatione
490 3795 671 3875 majoritat
686 3794 769 3874 quod
785 3793 875 3856 luerit

114 3883 222 3946 anctus
244 3887 286 3948 ab
310 3887 595 3950 excommnnicatis.
612 3888 689 3949 Nam
708 3886 782 3966 quia
805 3886 875 3947 talis

114 3979 245 4058 exceptio
269 3979 601 4042 excommunicationis
632 3983 679 4042 est
701 3983 876 4058 perempto·

114 4069 164 4144 ria,
179 4077 272 4149 atque
285 4071 414 4151 perimit
427 4075 528 4134 totum
541 4074 593 4152 jus
606 4072 730 4146 actoris,
742 4090 780 4134 eo
791 4071 875 4150 quod

115 4162 214 4225 electio
235 4166 582 4242 excommunicatura
603 4168 643 4228 ab
666 4164 876 4228 excommuni-

114 4255 184 4317 catis
195 4259 366 4336 celebrata,
377 4259 444 4339 ipso
456 4260 526 4337 juro
541 4261 579 4322 sit
592 4260 678 4323 irrita
693 4264 726 4322 et
738 4260 835 4337 nollo,
845 4277 872 4320 c.

116 4349 382 4414 calummaris
406 4352 519 4416 Clariae
541 4355 796 4429 excommunicato,
813 4361 874 4415 etc.

115 4449 142 4504 et
153 4463 179 4506 c.
197 4446 380 4510 constitutis.
397 4449 446 4511 ιι.
463 4450 571 4529 juncta
585 4449 692 4512 Glossa
707 4467 788 4512 vers.
803 4447 875 4511 Eu·

113 4540 384 4602 mmmmicationis.
400 4540 436 4603 dc
448 4540 598 4622 Appellat.
613 4559 684 4602 curn
700 4539 871 4602 similibus:

114 4629 177 4691 hinc
190 4649 254 4694 non
267 4634 466 4713 compellitur
480 4651 642 4715 opponens
657 4651 725 4695 eam
740 4634 873 4714 probare

113 4721 183 4784 intra
197 4726 336 4805 spatium
350 4732 418 4789 octo
440 4727 573 4800 dierum,
600 4728 655 4790 scd
677 4727 770 4790 datur
788 4745 874 4788 com·

113 4820 212 4891 petens
225 4819 352 4890 dilatio;
367 4837 469 4899 neque
483 4819 544 4882 alia
555 4821 707 4882 hactenns
716 4819 797 4881 dicta
811 4837 874 4882 res-

112 4913 196 4986 pecto
217 4912 289 4973 talis
308 4913 527 4994 peremptorias
551 4913 743 4992 exceptionis
765 4930 875 4992 proco-

112 5000 192 5066 dunt.
220 5005 333 5067 illoesa
349 5006 401 5068 cit.
422 5025 492 5090 cap.
509 5025 530 5069 r.
548 5025 628 5070 vers.
647 5005 784 5088 Opponit.
800 5005 833 5068 b.
850 5013 871 5070 t.

114 5093 142 5154 in
155 5100 184 5158 o.

150 5195 214 5256 ιιι.
247 5191 308 5257 lieo
336 5194 496 5276 excipiente
522 5195 556 5258 de
581 5193 876 5258 excommunicatione

1638 287 1697 354 ιιι

932 425 1026 506 Resp.
1056 430 1079 488 l.
1108 424 1174 490 Rea
1198 427 1370 506 excipiente
1391 425 1431 488 de
1451 425 1698 488 excommunica-

932 517 1016 579 tione
1044 518 1157 597 majori
1184 524 1293 580 contra
1319 522 1479 592 actorem,
1506 536 1570 578 non
1597 517 1699 580 obstat

932 609 1160 671 communionis
1175 608 1333 688 replicatio
1351 628 1358 670 :
1375 628 1437 689 qua
1455 608 1600 672 videlicet
1614 616 1699 672 actor

932 699 1072 780 replicat,
1088 702 1183 763 etiam
1196 719 1287 762 rcum
1300 719 1370 764 esse
1384 702 1695 776 excommunicatum,

933 795 1077 874 eoquod
1109 793 1244 856 scienter
1273 795 1541 858 excommunicato
1573 795 1696 857 vitando

931 886 1206 948 communicaverit
1228 887 1261 947 in
1280 885 1454 962 locotione,
1472 888 1521 950 vel
1544 889 1694 966 oratione,

931 977 1037 1057 sicque
1051 978 1215 1040 incurrerit
1232 979 1584 1044 excommunicationem
1598 981 1698 1041 mino-

930 1087 1009 1130 rem.
1021 1071 1135 1134 Tc'xtos
1151 1078 1197 1132 εει
1211 1073 1244 1132 ln
1257 1089 1326 1150 cap.
1343 1089 1375 1134 ιι.
1392 1072 1424 1133 h.
1440 1078 1462 1132 t.
1480 1073 1585 1134 addita
1598 1090 1635 1134 ea
1649 1091 1697 1134 ra·

930 1161 1016 1225 tione
1030 1162 1236 1243 disparitatis:
1254 1163 1331 1235 Ouia
1346 1165 1632 1228 excommunicatus
1647 1181 1697 1227 cx-

930 1256 1212 1318 communiootione
1228 1256 1436 1336 majori,puta
1450 1262 1546 1333 actor,
1564 1264 1611 1320 est
1623 1258 1698 1320 sim-

929 1345 1050 1427 pliciter
1081 1369 1096 1407 n
1122 1367 1141 1410 a
1169 1348 1388 1410 communione
1425 1348 1563 1410 fidolium
1593 1349 1698 1410 exclu-

931 1459 993 1502 sos.
1009 1461 1024 1498 ι
1043 1443 1336 1504 ιιιεοιιιιιιιιιιιειιιιε
1347 1459 1424 1503 uero
1444 1441 1697 1505 excommunica·

930 1534 1014 1596 tione
1028 1535 1152 1610 minori,
1169 1554 1238 1614 qum
1253 1535 1422 1598 incurritur
1443 1536 1484 1598 ob
1507 1537 1698 1598 communio·

932 1645 1003 1688 nom
1016 1647 1088 1690 cnm
1102 1629 1369 1692 excommunicato
1379 1629 1517 1706 vitando,
1527 1635 1601 1710 puta
1611 1647 1694 1704 reus,

935 1725 1088 1784 utentum
1116 1741 1135 1783 a
1162 1725 1429 1784 sacramentorum
1462 1721 1697 1802 participatione

931 1817 979 1876 est
991 1821 1139 1876 remotus.
1155 1834 1171 1872 ι
1189 1816 1233 1876 Ιιε
1248 1815 1401 1878 Pontifex.

971 1910 1040 1970 l28.
1062 1907 1181 1970 Habent
1192 1908 1281 1991 plura
1295 1909 1431 1992 beneficia
1445 1920 1545 1973 contro
1558 1910 1650 1972 alium
1663 1907 1698 1973 «ιε

929 2000 1099 2083 pluralitate
1107 2001 1309 2083 beneficiorum
1318 2023 1375 2066 non
1388 2003 1694 2086 ecups't.-Resp.ll.

930 2094 1056 2156 Habeas
1080 2093 1171 2175 plura
1197 2096 1367 2176 beneficia,
1397 2105 1504 2161 contra
1532 2099 1629 2162 alium
1657 2099 1697 2160 de

931 2189 1105 2267 pluralitate
1119 2189 1355 2253 beneficiarium
1368 2209 1432 2254 non
1442 2192 1564 2274 excipit.
1578 2197 1622 2256 lta
1634 2199 1698 2255 tex-

930 2287 982 2342 tos
996 2282 1028 2342 in
1051 2301 1079 2345 c.
1103 2282 1180 2346 Cum
1201 2284 1423 2348 Ecclesiasticus.
1449 2290 1479 2350 3.
1501 2287 1532 2350 h.
1549 2294 1571 2350 t.
1588 2288 1696 2367 juncto

932 2375 1118 2454 Summano,
1135 2386 1164 2441 et
1178 2377 1359 2442 doctoribus
1373 2381 1447 2442 ibid.
1463 2382 1592 2444 Accedit
1605 2380 1695 2456 ratio,

931 2469 1005 2548 quia
1019 2489 1082 2530 non
1100 2475 1204 2550 polest
1225 2472 1294 2551 quis
1314 2473 1544 2552 reprehendere
1567 2475 1599 2535 in
1619 2473 1696 2537 alte-

931 2563 995 2623 rius
1029 2581 1163 2642 persona
1179 2611 1190 2640 ,
1219 2565 1303 2644 quod
1325 2567 1357 2626 in
1378 2583 1436 2628 sua
1457 2569 1545 2647 putat
1560 2585 1695 2646 acquum,
1772 2643 1775 2648 .

930 2747 1054 2811 iudicet.
1069 2754 1099 2812 3.
1116 2771 1147 2831 q.
1162 2757 1192 2813 l.
1210 2770 1281 2813 oum
1296 2751 1459 2815 similibus.
1471 2751 1696 2816 Undesanctus

931 2845 1133 2923 Augustinus,
1150 2846 1265 2907 relatus
1289 2863 1358 2908 can.
1376 2846 1515 2928 Iniquum
1528 2855 1579 2908 cst.
1596 2849 1645 2909 32.
1662 2865 1693 2927 q.

930 2940 961 2998 6.
977 2939 1088 2999 merito
1103 2939 1164 3000 ait:
1185 2940 1357 3019 oliliquum
1372 2947 1429 3016 cst,
1445 2947 1481 3004 ut
1504 2942 1633 3022 quisque
1657 2941 1696 3002 de

929 3029 992 3090 alio
1006 3029 1143 3109 judicare
1159 3032 1240 3110 velit,
1257 3039 1289 3095 et
1309 3034 1441 3116 judicari
1461 3034 1500 3096 de
1522 3052 1555 3097 se
1570 3033 1659 3096 nolit.
1676 3053 1692 3091 ι

932 3125 1067 3203 Accedit,
1085 3126 1170 3207 qnod
1182 3127 1295 3190 frustra
1309 3127 1432 3190 invocet
1445 3127 1593 3190 auxilium
1606 3127 1695 3207 legis,

929 3219 984 3295 qui
998 3219 1161 3282 committit
1180 3221 1213 3281 in
1227 3222 1340 3302 legem.
1357 3242 1424 3304 arg.
1440 3239 1509 3303 cap.
1526 3223 1644 3304 penult.
1660 3220 1698 3283 de

929 3309 1066 3377 Adulter.
1082 3330 1154 3377 cum
1174 3317 1337 3378 similibus.
1361 3320 1463 3398 Atque
1481 3317 1558 3379 illud
1571 3315 1697 3378 notissi-

928 3421 1016 3466 mum
1034 3425 1041 3466 ι
1063 3427 1078 3466 o
1091 3408 1180 3480 Quod
1194 3408 1325 3488 quisque
1337 3407 1417 3490 juris
1434 3409 1466 3471 in
1480 3410 1614 3471 alterum
1636 3417 1697 3473 sta·

929 3497 998 3573 tuit,
1014 3499 1080 3578 ipse
1095 3500 1208 3563 debeat
1222 3501 1266 3564 uti
1277 3519 1330 3573 eo;
1345 3523 1360 3561 ι
1373 3506 1467 3583 prout
1480 3501 1612 3564 habetur
1625 3501 1647 3561 l.
1664 3504 1695 3562 l.

928 3588 960 3650 ff.
980 3591 1063 3666 Quod
1074 3594 1194 3675 quisque
1201 3595 1294 3676 juris,
1314 3601 1345 3660 ot
1360 3613 1387 3659 c.
1405 3595 1480 3660 Cum
1494 3613 1599 3660 omnes.
1616 3597 1645 3658 6.
1662 3593 1696 3658 de

931 3681 1086 3751 Constitui.

969 3780 1037 3839 rae.
1054 3778 1165 3842 Saltem
1188 3783 1301 3845 nomine
1319 3783 1443 3866 proprio
1457 3801 1469 3844 .·
1487 3789 1516 3846 ct
1529 3801 1569 3844 an
1581 3781 1695 3843 nomine

928 3869 1070 3934 Ecclesia
1095 3874 1136 3936 sic
1159 3877 1251 3958 possit
1275 3877 1426 3965 eccrpere?
1442 3909 1482 3923 -
1499 3878 1695 3955 Quamquam

929 3961 1119 4046 ceterdquin
1140 3972 1179 4032 sit
1201 3971 1377 4046 latendum,
1400 3971 1484 4051 quod
1508 3971 1558 4033 cit.
1576 3987 1604 4032 c.
1620 3969 1695 4032 Cum

929 4056 1150 4125 Ecclesiasticus.
1166 4064 1198 4124 h.
1214 4068 1240 4130 t.
1256 4065 1295 4126 sit
1309 4065 1434 4128 diltioile
1449 4065 1552 4145 quoad
1574 4063 1695 4126 intelle-

930 4156 1026 4229 otum,
1043 4161 1075 4216 ει
1094 4157 1197 4218 adhuc
1220 4159 1368 4221 reddatur
1389 4159 1542 4221 difficilius
1568 4162 1695 4238 propter

929 4243 1052 4306 diversa
1066 4247 1148 4311 dicta
1163 4250 1342 4331 doctorum;
1357 4253 1401 4314 nti
1424 4251 1531 4313 videre
1550 4253 1598 4312 est
1611 4247 1695 4330 apud

929 4335 1069 4400 Glossam
1082 4341 1156 4404 ibid.
1175 4347 1205 4421 t.
1224 4343 1382 4428 Opponere.
1399 4345 1553 4407 Abbatem
1567 4364 1599 4405 ιι.
1617 4345 1646 4407 l.
1663 4346 1695 4404 ει

928 4433 957 4490 l.
974 4448 1011 4492 uc
1026 4451 1112 4516 seqq.
1130 4438 1356 4513 Innocentium,
1371 4439 1462 4522 loan.
1479 4438 1649 4510 Andream,
1663 4441 1695 4497 ει

929 4524 1016 4601 alios,
1033 4528 1108 4590 illud
1122 4533 1295 4610 praesertim
1309 4535 1340 4594 in
1355 4533 1484 4594 dubium
1499 4536 1692 4604 revocantem

928 4621 976 4681 An
996 4622 1117 4687 habens
1139 4628 1229 4708 plura
1254 4627 1407 4690 beneficia
1429 4629 1567 4708 nequem
1587 4629 1694 4687 contra

928 4713 1136 4791 pluralitatem
1156 4721 1380 4783 beneficiorum
1394 4721 1522 4784 alterius
1535 4721 1690 4798 excipere,

927 4823 991 4870 non
1006 4813 1106 4874 solnm
1121 4817 1248 4878 nomine
1272 4817 1398 4898 proprio
1412 4816 1522 4897 (prout
1544 4815 1625 4877 ultro
1646 4813 1692 4873 la-

926 4907 1041 4983 tentur,
1058 4909 1098 4970 ob
1111 4909 1248 4972 rationes
1261 4911 1414 4974 hactenns
1427 4911 1555 4988 relatas)
1565 4907 1620 4968 sed
1633 4921 1693 4966 uec

929 4997 1023 5060 etiam
1051 5003 1177 5064 nomine
1197 5004 1362 5080 Ecclesia,
1386 5005 1418 5064 ιιι
1440 5003 1532 5084 cujus
1545 4995 1694 5081 prejudi-

928 5089 1011 5153 cium
1039 5095 1138 5158 tendit
1160 5095 1241 5158 dicta
1268 5097 1428 5178 pluralitas
1457 5091 1689 5157 beneficiorum.

927 5187 961 5246 ln
977 5201 1038 5264 qno
1062 5191 1189 5267 quidem
1210 5210 1285 5255 casu
1307 5191 1497 5273 probabilius
1520 5194 1586 5262 est,
1611 5181 1694 5245 istud

115 5287 222 5364 ocimu,
247 5307 305 5348 non
323 5286 416 5349 obstat
437 5287 643 5350 communionis
662 5287 819 5370 repleatis.
835 5320 875 5335 -
928 5283 1081 5359 posterius
1103 5285 1171 5348 lieri
1193 5303 1301 5366 posse,
1326 5286 1451 5368 quando
1473 5279 1625 5344 beneficia
1653 5277 1693 5339 de

116 5379 263 5449 ocantur
275 5381 311 5442 ll.
328 5381 402 5452 Once
412 5381 480 5443 alie
492 5381 691 5462 exceptiones
701 5381 875 5462 specialiter
924 5373 996 5454 lure
1018 5381 1176 5444 communi
1197 5389 1270 5446 sunt
1292 5377 1532 5462 incompatibilia
1557 5392 1565 5438 :
1589 5391 1691 5451 secus,

117 5474 171 5538 boc
197 5476 284 5539 tituto
306 5473 540 5558 approbentur,
569 5479 618 5542 vel
645 5481 874 5562 reprobentur?
928 5473 1052 5548 quaudo
1071 5475 1194 5558 dejure
1209 5474 1365 5540 communi
1380 5479 1452 5536 sunt
1469 5467 1692 5553 competibilia,
