4064 6062
296 225 353 292 122
518 223 588 289 tto.
610 225 646 286 u.
669 223 879 292 cacumen.
901 224 971 300 ΤΠ.
994 223 1083 284 xxti.
1106 223 1156 287 DE
1177 222 1265 291 aluo
1285 219 1645 298 tNSTRUMENTORUM.

294 357 327 419 ff.
341 354 377 419 de
393 355 466 420 dure
485 354 558 434 fisci.
580 355 754 416 Dummodo
772 354 845 418 bino
866 354 1058 434 excipientnr
1110 357 1250 419 locorum
1273 355 1368 418 citant
1389 372 1537 436 personas
1557 373 1628 440 quae
1650 357 1813 421 sedicunt
1835 357 1878 420 ab

294 467 397 515 causae
424 448 613 524 criminales,
643 445 813 526 praesertim
836 445 996 527 capitales,
1024 450 1058 506 ut
1111 467 1220 515 aarum
1234 449 1449 531 jurisdictione
1470 453 1640 532 exemptas,
1663 455 1808 515 tenentur
1828 450 1879 514 hae

294 541 374 604 bene
387 537 503 602 ibidem
518 539 724 620 subiungitur.
1111 542 1257 606 exhibere
1272 561 1363 604 suum
1377 541 1622 624 privilegians.
1637 541 1713 606 Cum
1725 563 1877 625 personas,

333 639 403 698 252.
424 633 619 714 Priuileqium
639 632 717 694 istud
735 633 900 696 ostenditur
921 631 961 696 od
972 633 1059 695 eote
1110 631 1146 696 de
1160 633 1304 716 Priuilep.
1321 633 1353 696 in
1367 639 1397 698 6.
1413 637 1446 696 et
1458 634 1480 696 i.
1497 635 1535 699 Si
1547 635 1612 723 quis
1625 655 1662 698 ec
1677 636 1785 700 atiena.
1801 635 1833 696 ff.
1844 636 1881 698 de

293 729 361 807 sias,
377 727 545 810 hospitalia,
559 725 675 810 aliaque
688 726 748 788 loca
761 726 811 808 pia
826 747 838 790 .·
857 729 924 789 itera
936 727 977 788 od
988 746 1058 788 cou-
1110 725 1245 788 Iudiciis.

294 841 356 883 sam
378 819 631 898 matrimonialem,
654 839 771 882 causam
793 819 916 900 datiam,
938 819 1060 882 alimen·
1151 820 1221 880 255.
1236 815 1371 900 Idemque
1384 817 1547 894 dicendam,
1569 819 1685 902 quondo
1705 830 1788 884 actor
1799 823 1883 904 petit

295 924 402 990 toan,
417 915 577 998 teqatoum
589 915 736 996 paoem,
750 915 898 976 eta—Et
912 913 969 976 hoc
983 914 1058 978 fisco
1113 909 1333 973 instrumentum
1360 908 1400 972 od
1422 911 1608 972 intentionem
1629 931 1710 973 suom
1727 911 1797 994 jam
1812 913 1881 994 sun-

294 1024 477 1068 concessum
504 1006 677 1068 extenditur
704 995 797 1066 etiam
825 1005 865 1067 ad
891 1006 1058 1088 ecelesias,
1111 1001 1210 1065 datam
1224 1002 1475 1084 coadjuvandam:
1485 1004 1571 1088 idque
1580 1005 1825 1087 exemplificatur.
1839 1037 1881 1052 —-

294 1098 469 1178 hospitalia,
492 1103 585 1178 atque
603 1099 664 1161 alia
680 1098 750 1160 loca
769 1098 843 1180 pia:
867 1099 939 1181 quia
953 1099 1057 1172 fiscus,
1112 1097 1242 1176 insuper
1255 1113 1292 1158 ca
1307 1095 1395 1172 tellit,
1411 1098 1536 1179 quando
1560 1105 1648 1160 sotor
1668 1101 1744 1180 petit
1764 1101 1880 1164 instru-

294 1199 324 1253 et
350 1192 505 1266 Ecclesia,
532 1193 565 1253 in
588 1193 717 1254 materia
739 1192 901 1255 favorabili
923 1193 1060 1274 aequipa—
1111 1191 1253 1251 mentum
1268 1186 1308 1250 ad
1322 1187 1525 1253 intentionem
1540 1208 1629 1253 suam
1642 1191 1882 1272 jamlundatam

293 1291 413 1359 rantur,
436 1303 507 1348 cum
521 1285 686 1368 utrobique
701 1293 841 1350 versetur
856 1285 977 1369 publica
998 1283 1055 1346 uti-
1113 1280 1359 1361 coadjuvandam
1384 1300 1392 1344 ε
1417 1281 1490 1364 quia
1511 1287 1586 1346 tunc
1609 1286 1733 1346 tenetur
1755 1285 1785 1346 id
1805 1287 1882 1347 ‘reas

293 1377 372 1440 litas.
389 1378 474 1440 idem
492 1395 617 1467 qnoque
631 1379 836 1442 communiter
850 1397 869 1440 a
882 1377 1059 1441 doctoribus
1113 1376 1217 1438 edere.
1234 1375 1284 1462 Sic
1299 1376 1422 1458 wando
1432 1377 1882 1442 octorlundavitintenlionem

295 1469 469 1530 extenditur
483 1469 523 1530 ad
536 1487 662 1530 causam
672 1469 1060 1550 matrimonialem,utpote
1105 1485 1223 1546 'soam,
1247 1486 1304 1530 seu
1332 1468 1425 1554 plene¹
1447 1468 1591 1548 probavit
1611 1487 1723 1549 agrum
1744 1467 1840 1531 talem
1862 1487 1883 1529 a

295 1563 347 1625 ubi
363 1563 458 1626 multa
472 1567 546 1626 sunt
557 1563 714 1644 specialia,
735 1582 808 1625 cum
828 1563 859 1623 in
874 1581 909 1626 ea
924 1567 1061 1624 vertatur
1112 1579 1167 1622 reo
1182 1559 1239 1622 eibi
1253 1560 1349 1624 luisse
1364 1559 1537 1642 venditum,
1553 1579 1636 1626 nunc
1650 1581 1725 1624 vero
1739 1565 1883 1624 remanet

295 1659 467 1736 periculum
493 1658 679 1719 animarum.
710 1655 743 1718 ld
770 1657 871 1738 ipsum
893 1656 1060 1720 admittunt
1113 1653 1254 1735 questio,
1271 1657 1422 1737 quantum
1444 1672 1520 1736 ager
1541 1653 1591 1716 ille
1613 1653 1808 1728 extendatur,
1834 1659 1881 1716 te-

294 1753 435 1815 doctores
448 1751 481 1812 in
495 1769 590 1817 causa
609 1751 739 1825 dotium,
761 1751 992 1828 alimentorum,
1014 1749 1059 1811 le·
1113 1753 1204 1810 netur
1223 1765 1296 1808 reus
1318 1745 1358 1808 ad
1380 1748 1441 1808 hoc
1461 1746 1688 1812 ostendendum
1711 1745 1804 1808 edere
1823 1765 1883 1806 sua

293 1851 435 1927 gaiorum
455 1843 590 1924 piorum,
613 1850 644 1907 et
664 1845 696 1909 in
710 1845 778 1909 aliis
793 1843 894 1907 causis
908 1841 1060 1906 lavorabi·
1113 1841 1336 1902 instrumenta:
1353 1838 1425 1920 qnia
1438 1857 1502 1900 non
1512 1843 1659 1918 petuntur
1667 1840 1883 1922 principaliter

292 1939 389 2016 libus,
406 1938 517 2009 saltem
531 1938 584 1998 ubi
604 1957 668 2000 non
689 1937 778 2000 adest
799 1937 860 1998 alia
881 1935 969 2018 copia
990 1954 1060 2028 pro·
1114 1934 1154 1996 ad
1168 1931 1414 2015 impugnandum
1429 1951 1529 2006 reum,
1546 1933 1601 1993 sed
1615 1934 1718 1996 solum
1732 1935 1773 1995 ad
1786 1935 1884 1997 coad-

293 2031 397 2102 bandi,
421 2031 481 2092 nisi
494 2048 551 2111 per
573 2030 775 2094 instrumenta
796 2049 815 2092 a
836 2048 890 2094 reo
911 2030 1058 2092 exhibita.
1111 2026 1281 2107 iuvandum
1296 2025 1498 2095 intentionem
1508 2027 1623 2090 actoris
1635 2027 1696 2106 iam
1706 2026 1879 2088 lunanum.

294 2122 474 2202 Speculator
488 2123 533 2185 tit.
550 2121 587 2184 de
608 2121 872 2202 Instrumentorron
890 2121 1022 2184 editione.
1042 2122 1061 2203 ς
1114 2119 1217 2181 Abbas
1231 2118 1291 2181 loc.
1308 2118 1359 2182 cit.
1376 2137 1406 2178 n.
1424 2121 1473 2194 15,
1489 2125 1559 2198 post
1568 2119 1725 2180 bartolum
1735 2117 1755 2180 1.
1770 2120 1795 2181 i.
1806 2137 1833 2179 o.
1844 2117 1885 2180 de

299 2215 459 2280 Videndum
468 2225 569 2298 restat.
581 2235 613 2278 n.
627 2221 673 2291 li.
687 2234 828 2280 asserens
847 2216 931 2300 quod
945 2233 1060 2296 magna
1113 2209 1281 2289 Edendo.;
1304 2209 1497 2292 Pirhiug,ubi
1520 2230 1626 2301 supra,
1649 2231 1683 2278 n.
1707 2215 1758 2292 25,
1784 2212 1883 2274 citans

293 2309 663 2388 causadebeatjndicem
683 2327 807 2372 movere
827 2305 1060 2389 adaugendum
1114 2319 1244 2382 Bfltdum
1270 2319 1304 2381 in
1331 2319 1354 2380 ι,
1378 2318 1433 2389 ult,
1466 2338 1494 2385 ο,
1519 2317 1553 2382 dg
1574 2319 1695 2386 Edant,
1726 2319 1778 2399 qui
1801 2319 1885 2382 istud

293 2404 428 2484 ³¹qu0OE
457 2402 661 2466 instrumenta
688 2421 745 2466 ⁸¹1⁸
772 2403 950 2466 adversam
977 2403 1061 2468 exhi·
1114 2413 1323 2494 exemplificat
1336 2413 1368 2475 in
1383 2412 1493 2489 colono
1507 2413 1717 2481 censualivel
1728 2413 1882 2486 vassallo:

293 2496 383 2571 bere,
393 2514 461 2574 arg.
476 2497 498 2558 l·
514 2495 551 2558 Ιη
564 2495 619 2557 dac
632 2496 753 2558 actione·
764 2494 914 2558 Interdum
924 2495 1058 2576 siquidm·
1114 2505 1182 2568 talis
1198 2505 1281 2567 enim
1295 2508 1419 2570 tenetur
1437 2503 1530 2569 edere
1545 2524 1602 2569 sua
1621 2505 1825 2567 instrumenta
1843 2505 1885 2565 ad

293 2589 325 2650 ff.
342 2588 606 2661 Adeadibeudum,
624 2608 696 2651 clim
710 2589 860 2654 similibus
877 2608 884 2650 ἓ
902 2589 953 2650 ubi
968 2590 1058 2655 Joan.
1114 2597 1361 2678 dignoscendum
1380 2597 1510 2659 modum
1527 2615 1591 2660 suae
1613 2598 1827 2680 obligationis,
1853 2605 1885 2660 ei

292 2683 434 2744 Andreas
456 2683 487 2742 in
510 2681 681 2746 additione.
707 2701 787 2746 vers,
817 2705 832 2742 u
852 2683 932 2748 Satis
952 2687 1019 2760 est,
1040 2703 1055 2744 u
1115 2693 1167 2774 qni
1181 2692 1242 2754 sint
1253 2691 1368 2754 limites
1381 2689 1469 2754 tundi
1484 2691 1652 2763 censualis,
1667 2691 1884 2756 snufeudnlin.

293 2775 376 2838 istud
404 2776 612 2858 exemplificat
634 2776 666 2838 in
689 2792 783 2838 causa
807 2775 1024 2841 matrimoniali
1050 2795 1058 2836 ε
1114 2785 1269 2858 Tenentur
1282 2782 1438 2851 nonnulle
1454 2781 1522 2847 eliae
1538 2781 1697 2858 fallentia,
1716 2784 1800 2866 apud
1821 2803 1886 2844 me·

298 2867 357 2930 oSi
378 2868 464 2932 enim
485 2866 606 2949 (inquit)
629 2869 736 2932 lavore
756 2869 823 2934 fisci
843 2875 971 2950 cogatur
992 2867 1061 2948 quis
1114 2881 1250 2939 moratos
1272 2883 1415 2942 auctores
1435 2874 1597 2952 videndae3
1620 2893 1694 2939 nam
1715 2878 1884 2960 premissae

293 2961 386 3033 edere
400 2963 615 3038 instrumenta,
630 2961 740 3024 lortius
754 2964 813 3025 hoc
826 2962 894 3024 fieri
908 2963 1001 3026 debet
1014 2960 1062 3022 fa·
1116 2976 1187 3041 sunt
1198 2969 1442 3054 principaliores.
1459 2967 1691 3048 (nonantulo
1706 2971 1784 3052 Vll.)

293 3074 367 3118 vore
381 3055 579 3131 matrimonii,
595 3055 627 3121 in
648 3074 711 3138 quo
730 3057 829 3120 multa
848 3062 920 3118 sunt
938 3056 1059 3118 iavere-

292 3148 378 3212 bilia.
395 3155 425 3210 et
438 3149 546 3212 subest
559 3149 733 3230 periculum
746 3150 932 3214 animarum.
949 3171 963 3208 n
981 3150 1063 3211 Con·
1452 3183 1470 3262 5
1494 3184 1546 3249 IX·

293 3241 401 3304 cordat
414 3243 519 3313 Abbas
532 3261 600 3323 cap.
616 3260 638 3308 1.
661 3263 694 3307 n.
719 3247 767 3308 19.
787 3250 817 3306 et
837 3246 878 3307 20
896 3241 931 3305 de
951 3241 1062 3305 Probo·

293 3332 364 3396 tion
381 3334 540 3414 praemissa
554 3335 742 3416 intelligens,
758 3337 883 3418 quando
898 3355 961 3402 non
975 3335 1063 3399 adest
1116 3371 1153 3423 Β,
1173 3373 1389 3429 memo„
1410 3372 1690 3431 mmmm
1714 3374 1886 3437 mmm

293 3425 354 3488 alia
368 3428 456 3506 copia
472 3427 647 3514 probandi:
665 3428 801 3508 alioquin
815 3429 900 3493 enim
913 3447 977 3490 non
991 3428 1062 3490 sub·
1326 3465 1362 3514 ΟΒ
1382 3465 1535 3519 „mm
1555 3467 1686 3515 mim,

295 3527 377 3584 esset
395 3519 477 3584 bona
499 3539 591 3584 causa
614 3519 747 3583 violandi
762 3523 886 3601 regulas
897 3523 986 3605 juris.
1004 3523 1061 3584 Fe-

294 3615 375 3676 linus
390 3614 460 3676 eod.
479 3635 548 3696 cap.
564 3633 587 3678 1.
603 3636 635 3678 n.
652 3619 701 3690 lt),
717 3623 748 3678 et
762 3635 848 3696 seqq.
867 3615 901 3679 de
915 3614 1037 3679 Proto.
1049 3635 1063 3694 ,·
1156 3625 1226 3684 aba.
1252 3619 1448 3683 Instrumenta
1467 3619 1630 3701 pancratio
1650 3629 1772 3707 possunt
1791 3623 1889 3704 r'mpu-

293 3709 423 3791 Pirhing
434 3710 470 3773 de
483 3709 607 3776 Probat.
625 3731 655 3773 n.
672 3713 721 3774 26.
739 3711 848 3774 etalii.
1115 3715 1307 3798 quorijuata
1329 3713 1427 3776 omnio
1447 3721 1572 3796 quatuor
1592 3733 1746 3775 comarum
1766 3735 1885 3798 ymno.

333 3807 402 3866 253.
422 3803 572 3880 Usarorii,
587 3804 703 3890 quandq
720 3805 929 3868 denominatur
948 3803 988 3866 ad
1005 3823 1063 3868 res·
1115 3842 1156 3857 -
1169 3808 1321 3883 Quaeritur
1339 3809 1361 3870 l.
1387 3807 1505 3882 Quibus
1523 3806 1623 3868 modis
1637 3807 1812 3890 generatim
1826 3810 1889 3870 ins·

294 3896 437 3960 tituendae
450 3897 1063 3982 muas,coqunturederelibrosrotiouum
1116 3903 1272 3964 tramenta
1293 3889 1482 3980 impugnari,
1509 3904 1542 3961 et
1563 3898 1723 3977 reprobari
1746 3899 1888 3991 possint?

292 4009 424 4052 ammae.
439 4023 479 4038 -
501 3990 618 4054 Deinde
640 3990 785 4064 usurarii,
807 3991 932 4072 quando
953 4009 1063 4054 conva-
1117 3993 1209 4075 Resp.
1234 3994 1258 4055 l.
1283 3995 1502 4068 instrumenta,
1526 3993 1699 4074 generatim
1718 3995 1886 4076 loquendo,

293 4083 420 4144 niuntur
441 4083 481 4144 ad
504 4083 710 4146 restituendas
734 4101 863 4160 usuras,
903 4091 1058 4165 cogunurr
1117 4091 1251 4168 possunt
1261 4085 1437 4168 impugnari
1449 4085 1537 4165 juxta
1552 4085 1655 4146 omnia
1667 4095 1801 4164 quatuor
1814 4106 1890 4149 can-

295 4174 387 4241 edara
417 4174 641 4250 instmmenta,
675 4177 770 4238 libros
806 4177 961 4238 rationum
990 4195 1062 4239 sua·
1118 4197 1222 4242 sarum
1256 4197 1385 4261 genera.
1421 4179 1467 4247 Ex
1501 4181 1588 4258 parte
1623 4179 1751 4262 quidem
1785 4198 1888 4242 causae

293 4287 374 4348 rum,
397 4272 430 4331 et
449 4268 575 4351 quidem
594 4269 653 4330 sub
675 4271 814 4332 censuris
836 4253 1061 4346 ecclesiasticis,
1117 4274 1287 4347 efficientis,
1304 4273 1431 4354 quando
1445 4279 1492 4334 est
1507 4271 1621 4335 lactum
1635 4273 1677 4336 ab
1690 4291 1740 4349 eo,
1756 4273 1810 4354 qui
1826 4294 1890 4336 non

294 4365 389 4425 (llam.
405 4382 460 4424 un.
476 4363 664 4444 §Caeterum
675 4361 710 4425 de
724 4361 834 4426 bearis.
847 4364 942 4450 quue
953 4366 1062 4424 merito
1117 4373 1183 4430 erat
1197 4366 1308 4429 habilis
1325 4385 1331 4426 :
1353 4370 1389 4428 ut
1401 4370 1488 4451 putu,
1504 4366 1654 4445 quianon
1670 4371 1737 4428 erat
1751 4369 1892 4429 notarius

294 4460 444 4519 statutum
458 4455 524 4530 tuit,
542 4464 607 4518 tum
621 4457 654 4517 in
669 4455 775 4518 odium
791 4458 941 4520 usurariae
958 4457 1060 4540 pravi·
1117 4461 1269 4544 publicus,
1286 4461 1334 4520 vel
1348 4459 1449 4522 fuerat
1459 4458 1755 4536 excommunicatos,
1772 4467 1834 4522 etc,
1846 4461 1894 4524 Ex

294 4551 365 4614 tatis
382 4569 388 4610 :
406 4553 473 4612 tum
493 4554 527 4613 nt
546 4550 606 4612 hac
623 4550 743 4613 ratione
763 4539 968 4613 feneratores
987 4569 1062 4613 con·
1118 4559 1206 4634 parte
1222 4569 1324 4614 causae
1340 4550 1522 4628 materialis,
1542 4547 1728 4630 opponendo
1743 4550 1893 4614 videlicet

295 4643 376 4705 vinci
391 4643 510 4722 possint
523 4645 562 4712 de
577 4645 718 4708 usuraria
727 4647 876 4726 pravitate
887 4664 960 4720 sua;
971 4651 1065 4728 prout
1116 4645 1201 4728 quod
1215 4645 1254 4707 sit
1267 4645 1383 4707 lactum
1399 4663 1493 4727 super
1514 4661 1548 4705 re
1569 4641 1686 4724 illicita,
1711 4643 1760 4706 vel
1782 4662 1801 4705 a
1817 4645 1892 4726 jure

295 4736 432 4814 loquitur
446 4741 547 4798 textus
560 4737 688 4801 ibidem.
1117 4755 1181 4801 non
1214 4739 1377 4820 permissa.
1408 4739 1452 4800 lix
1478 4743 1566 4817 parto
1599 4753 1701 4798 causa
1729 4736 1891 4816 formatis,

335 4833 404 4893 254.
422 4826 543 4905 Quando
556 4839 638 4891 octor
652 4829 735 4894 tabet
745 4833 931 4896 intentionem
939 4852 1023 4896 emm
1033 4835 1064 4895 iu
1117 4833 1242 4914 quando
1261 4851 1325 4894 non
1347 4837 1419 4893 sunt
1440 4831 1612 4892 observatae
1635 4829 1848 4892 solemnitates
1873 4851 1893 4892 a

295 4925 363 5005 iure
384 4919 559 5004 fundatam,
583 4933 695 4987 tenetur
715 4946 783 4990 reus
805 4937 958 4990 couvemus
981 4927 1064 4990 edere
1114 4928 1186 5007 jure
1200 4926 1381 5008 requisitae:
1399 4944 1428 4988 v.
1438 4944 1468 5005 g.
1487 4923 1513 4985 si
1523 4923 1616 4986 luerit
1625 4923 1738 4984 omissa
1750 4923 1890 4998 indictio,

293 5014 482 5100 priuileqium
508 5013 540 5076 iu
562 5015 737 5097 oppositum.
761 5053 800 5064 -
825 5019 915 5082 Fallit
935 5020 1064 5082 ulterius
1118 5041 1230 5102 onnus,
1252 5027 1358 5095 testes,
1381 5019 1576 5099 subscriptio,
1598 5019 1646 5080 vel
1661 5017 1736 5097 qaid
1752 5019 1837 5080 aliud
1851 5019 1895 5080 ad

296 5113 377 5176 dicta
393 5109 512 5190 regula,
528 5109 653 5190 qnando
663 5110 852 5173 aowrhabet
862 5112 1065 5174 intentionem
1118 5115 1186 5196 eius
1200 5114 1405 5177 substantiam
1414 5113 1609 5194 requisitum,
1623 5111 1663 5174 de
1673 5112 1787 5192 quibus
1798 5131 1896 5193 supra

297 5222 386 5265 suam
400 5202 432 5265 in
450 5203 521 5284 jure
540 5201 702 5263 fundatum
725 5221 732 5262 :
755 5204 828 5284 qnia
849 5211 923 5266 tunc
942 5213 1066 5270 tenetur
1118 5209 1135 5288 g
1153 5211 1181 5270 l.
1197 5227 1229 5270 n.
1246 5211 1293 5270 l't.
1309 5215 1341 5270 et
1355 5225 1442 5287 seqq·
1458 5207 1504 5268 Ex
1518 5214 1603 5288 parte
1619 5223 1722 5270 censae
1738 5205 1851 5283 linalis,
1865 5199 1893 5268 si

297 5314 369 5357 reus
383 5300 554 5359 conventus
568 5295 661 5358 edere
675 5294 926 5378 instrumentum,
944 5301 990 5360 vel
1005 5299 1066 5386 pri·
1119 5301 1263 5382 opinatur
1276 5302 1527 5380 instrumentum,
1546 5301 1593 5363 vel
1607 5300 1803 5386 privilegium
1819 5318 1894 5362 esse

299 5387 443 5468 vilegium
458 5387 489 5450 in
504 5387 692 5470 oppositum.
713 5389 762 5451 Sic
780 5391 904 5471 quando
919 5391 1065 5456 ordinarii
1119 5393 1171 5471 ob,
1186 5395 1235 5456 val
1248 5393 1428 5477 subreptitie
1442 5395 1614 5472 obtentum,
1631 5395 1789 5474 narrando
1800 5395 1893 5470 laisa,
