4028 6068
265 279 365 360 §vlt
387 279 438 342 ott
458 277 705 343 possessioni:
725 281 777 343 AD
798 279 1134 346 PRAESCRIPTIONEM
1155 283 1365 360 nuentslrt,
1388 285 1471 348 ETC.
1599 281 1654 348 idi

98 411 204 489 ris,scl
226 411 334 476 saltem
356 414 396 476 oh
418 413 675 494 impedimentum
688 411 760 476 lacti
784 413 840 476 sii-
893 414 1086 495 interruptio,
1098 431 1131 477 se
1140 414 1234 479 habet
1242 423 1386 498 respectu
1395 419 1533 479 omnium
1547 415 1658 480 adser-

98 509 174 588 cujus
195 507 376 579 eommunis,
397 507 461 571 sire
483 509 649 590 generalis,
670 525 707 570 ac
730 508 841 572 notorii
893 505 1032 568 sarium:
1058 505 1148 582 adeo,
1172 515 1206 570 ut
1225 509 1365 573 absolute
1391 512 1655 592 prescriptionem

97 598 242 674 omnibus;
257 607 347 678 prout
364 600 400 663 dt
420 601 450 663 in
474 601 599 664 casibus
618 603 855 683 011080οἰ08οῃ
894 598 1108 680 interrumpat,
1124 600 1280 682 prositque
1296 604 1450 684 omnibus,
1469 607 1501 667 et
1520 622 1581 666 nou
1596 601 1655 664 soli
1781 621 1788 636 ·

96 711 152 769 uus,
171 693 292 774 0000οο
310 695 476 758 intervenit
497 695 754 778 impedimentum
766 695 840 760 iacti
894 690 1140 771 interrumpenti.
1162 695 1287 768 Teutas,
1303 695 1523 770 summarium,
1539 703 1571 760 et
1583 696 1658 759 doe·

96 805 149 848 non
166 789 320 867 generale,
336 807 394 851 nac
414 788 586 865 notorium;
609 797 701 870 prout
719 789 838 868 accidit,
894 788 976 846 tores
993 782 1024 844 in
1041 785 1062 846 l.
1091 783 1276 848 Naturaliter
1297 789 1327 852 t.
1356 789 1389 850 ff.
1418 788 1453 852 de
1482 787 1655 870 Usucapt'ott.

95 881 117 942 si
139 882 203 957 quis
223 880 254 940 in
270 881 361 943 exilio
375 881 568 956 detinentur,
592 883 641 946 vel
663 882 840 946 infirmitate
893 879 918 938 li
945 880 1054 940 00000
1081 876 1177 939 civilis
1211 878 1390 961 interruptio
1418 881 1659 962 prescriptionis

94 973 275 1054 impediatur,
292 978 348 1038 aut
366 973 544 1054 hujusmodi
561 995 568 1038 :
584 979 659 1039 tuno
673 977 755 1037 enim
770 994 840 1038 cur·
892 973 1015 1033 tantum
1037 987 1069 1031 se
1091 969 1185 1034 habet
1206 979 1348 1052 respectu
1370 973 1469 1049 illius,
1497 975 1549 1054 qui
1571 974 1657 1036 litem

94 1068 128 1130 rit
150 1067 347 1147 prescriptio.
381 1069 574 1149 Quandoque
609 1075 712 1132 tamen
739 1069 842 1132 taliter
894 1062 998 1125 movit.
1015 1063 1122 1125 Glossa
1136 1081 1204 1128 can.
1228 1065 1358 1130 Placuit.
1374 1069 1392 1148 §
1406 1067 1503 1130 Potest
1519 1071 1548 1144 t.
1565 1067 1660 1130 Inter·

93 1161 225 1240 irupedito
252 1162 346 1224 datur
378 1162 530 1226 restitutio
558 1163 590 1224 in
620 1165 775 1245 integrum
803 1181 840 1224 ex
893 1164 990 1238 rupta.
1004 1161 1052 1220 16.
1069 1176 1100 1238 q.
1115 1161 1144 1222 0.
1171 1176 1322 1234 asserens,
1348 1160 1542 1240 quodcivilis
1564 1162 1661 1223 inter-

92 1255 217 1318 clausule
240 1256 406 1336 generali:
436 1264 470 1319 ut
497 1257 529 1319 in
556 1256 678 1319 ossibus
702 1257 840 1337 proxime
892 1249 995 1330 ruptio
1017 1249 1256 1330 prescriptionis
1280 1253 1307 1314 ei
1332 1259 1451 1315 tautum
1472 1255 1579 1336 prosit,
1606 1253 1659 1330 qui

92 1349 179 1425 dictis,
195 1356 247 1412 aut
262 1349 288 1410 si
303 1351 372 1430 quis
391 1349 489 1413 abluit
506 1360 599 1413 eausa
613 1351 801 1431 reipublice,
817 1353 837 1412 l.
894 1344 993 1423 ipsam
1007 1343 1089 1418 iacit,
1101 1345 1221 1407 etobsit
1235 1345 1277 1406 illi
1293 1351 1423 1423 tantum,
1441 1354 1547 1410 contra
1562 1365 1655 1428 quem

92 1441 212 1506 Senatus.
235 1443 270 1506 fl.
292 1441 331 1505 de
352 1442 440 1525 Oltis.
455 1441 599 1526 presidis.
627 1444 753 1526 Pirhinq
766 1445 798 1508 h.
816 1449 838 1508 t.
892 1435 927 1498 fit
943 1454 950 1496 ι
967 1443 1011 1499 ut.
1026 1436 1047 1498 l.
1064 1437 1148 1500 Inter
1160 1445 1294 1520 quatuor.
1313 1439 1346 1502 tr.
1361 1439 1524 1503 delituere.
1539 1449 1660 1503 etiem·

91 1553 118 1598 0,
133 1537 194 1597 132,
211 1536 313 1598 citans
327 1538 415 1599 alios,
716 1547 718 1554 '
892 1529 986 1612 meat.
998 1531 1213 1612 prcetm'pit'ott.
1226 1533 1335 1612 juncta
1349 1534 1458 1596 Glosstt
1471 1533 1532 1597 hio.
1556 1539 1587 1614 y.
1603 1533 1660 1596 De·

124 1631 186 1692 tos.
208 1629 465 1711 Proesoiptionem
487 1629 670 1712 interrumpi,
695 1629 789 1712 quid?
802 1663 842 1676 -
893 1625 1083 1687 nuntiatione.
1111 1627 1201 1689 Unde
1233 1627 1258 1687 si
1286 1631 1372 1689 sotor
1403 1627 1491 1689 litem
1518 1645 1657 1703 moscus,

91 1723 228 1795 Oueritur
240 1725 292 1786 ΠΙ.
309 1723 388 1796 Quid
401 1724 451 1800 sit,
467 1725 731 1805 prescriptionem
744 1723 841 1786 inter·
894 1721 987 1798 atque
1002 1719 1128 1782 alterins
1141 1719 1404 1800 prescriptionem
1417 1721 1658 1802 interrumpens,

90 1814 188 1895 rumpi,
211 1820 242 1876 et
266 1819 343 1892 quot
362 1814 462 1877 modis
483 1817 550 1895 ipsa
573 1815 841 1896 interrumpatur?
893 1829 956 1871 non
969 1811 1061 1874 luerit
1080 1829 1172 1873 serus
1186 1813 1331 1875 dominus
1345 1813 1410 1886 rei;
1427 1819 1520 1893 atque
1534 1813 1660 1875 interim

90 1911 169 1986 ttesp.
184 1911 207 1970 1.
227 1927 243 1964 ι
265 1907 459 1989 prescriptio
479 1909 593 1974 dicitur
609 1909 804 1989 interrumpi,
821 1931 837 1968 n
893 1905 1000 1964 eontra
1014 1921 1120 1964 verum
1141 1901 1302 1965 dominum
1321 1903 1403 1964 illius
1416 1905 1461 1965 rei
1477 1909 1602 1984 tempus
1616 1904 1662 1965 la-

90 1999 199 2080 queudo
221 1999 290 2080 ipsa
313 2002 409 2062 semel
424 2006 536 2082 cepto,
561 2020 599 2064 er
620 2002 725 2081 aliqua
746 2017 840 2064 causa
894 1994 1036 2075 gitimum
1060 1993 1196 2076 elapsum
1212 1997 1260 2070 sit,
1277 2001 1382 2057 contra
1396 1997 1480 2059 hunc
1495 1997 1551 2059 erit
1565 2015 1663 2080 prea-

89 2093 156 2152 0000
180 2099 301 2167 cessat,
329 2099 363 2157 ut
388 2097 488 2159 totum
515 2099 638 2177 tempus
661 2096 840 2176 ppaecedens
894 2087 1001 2166 cripiit)
1015 2087 1187 2167 completa,
1203 2086 1287 2149 haud
1301 2087 1442 2150 obstante
1457 2087 1658 2152 alteriuslitd.

89 2185 172 2263 ipsius
192 2194 437 2266 conquassetur:
462 2208 500 2252 ec
516 2189 656 2271 proinde,
673 2189 699 2250 si
718 2188 840 2252 sublato
893 2179 1042 2262 Engeth·
1053 2187 1075 2244 t·
1091 2181 1171 2243 cirta
1185 2181 1238 2244 fin·
1255 2183 1335 2244 istud
1350 2182 1478 2245 firmans
1493 2183 1562 2246 exl·
1577 2183 1613 2245 ll·
1626 2185 1660 2245 C·

87 2279 298 2358 impedimento
312 2288 422 2364 postea
441 2284 632 2366 prescriptio
654 2303 777 2346 rursum
791 2303 840 2347 re-
894 2273 1001 2350 Quibus
1023 2292 1067 2336 ⁹¹0⁸
1088 2273 1221 2355 judicata
1243 2295 1300 2338 000
1321 2285 1401 2338 nocet
1413 2298 1425 2338 ··
1444 2275 1498 2338 ubi
1519 2283 1569 2338 tes
1583 2275 1664 2339 inter

86 2373 209 2447 viviscat,
232 2380 358 2454 tempus
381 2379 535 2456 posterius
559 2395 622 2438 nou
641 2379 838 2442 continuetur
893 2365 969 2428 &11⁰⁵
983 2373 1063 2445 ⁸0¹³,
1078 2367 1145 2467 filiii
1168 2388 1230 2431 ¹¹⁰ss
1253 2371 1663 2452 Pflir⁰⁰i¹¹⁸i¹1rs1¹eq¹¹0¹¹⁰·

86 2485 147 2528 eom
159 2468 266 2548 priori,
282 2471 339 2532 aad
351 2469 391 2532 de
405 2489 485 2533 novo
500 2471 614 2534 debeat
627 2473 779 2534 inchoari.
796 2475 840 2534 tta
893 2469 952 2526 0οῑ-

86 2559 187 2621 italum
201 2561 255 2622 ubi
275 2580 382 2642 supra.
402 2564 421 2643 5
438 2563 591 2648 Repetite
610 2565 743 2628 secunda,
759 2584 790 2628 n,
809 2568 837 2628 ι,
932 2559 1002 2624 205.
1025 2555 1159 2618 Secunda
1182 2555 1343 2633 differunt,
1367 2559 1451 2637 quod
1473 2557 1663 2638 prescriptio

85 2657 110 2712 et
123 2654 304 2717 communie.
320 2655 409 2718 Unde
424 2662 471 2718 est
484 2675 598 2737 magna
617 2655 780 2738 disparitas
795 2658 841 2719 in·
893 2651 1074 2713 naturaliter
1087 2649 1269 2732 interrupta,
1286 2669 1341 2712 sen
1363 2651 1516 2733 possessio
1538 2651 1578 2714 00
1593 2669 1664 2714 eom

84 2748 124 2805 ter
143 2747 381 2823 dormitionem,
397 2756 438 2811 'et
459 2749 718 2829 interruptionem
744 2767 841 2830 pres·
892 2745 1050 2824 requisita,
1074 2761 1197 2826 sempor
1219 2745 1332 2808 debeat
1347 2743 1385 2808 d'e
1409 2764 1490 2808 novo
1503 2742 1660 2809 inchoari:

84 2837 231 2916 ariptionis
248 2857 256 2900 :
273 2857 348 2901 uam
361 2839 415 2901 ubi
430 2839 498 2902 heo
508 2839 703 2904 solummodo
713 2841 838 2910 dormit,
892 2839 1060 2920 requiritur
1070 2839 1111 2900 ad
1120 2841 1382 2919 prescriptionem
1394 2839 1583 2902 continuatio
1594 2857 1664 2920 poa·

84 2929 263 2994 subtrahitur
276 2931 402 3010 quidem
424 2939 546 3014 tempus
560 2934 767 3010 dormitionis,
784 2936 840 3002 sed
893 2933 1037 2995 sessionis
1060 2935 1209 3014 temporis
1230 2935 1335 3016 alege
1359 2931 1486 3006 definiti,
1508 2935 1529 2994 l.
1551 2931 1661 2996 Uruca-

82 3030 212 3086 cessante
237 3026 436 3103 postmodum
461 3026 656 3103 dormitione,
672 3035 765 3109 alque
788 3047 841 3091 su·
888 3027 949 3108 pro.
966 3027 1030 3089 etl.
1043 3025 1204 3110 Nunquam
1218 3028 1249 3089 in
1263 3024 1522 3108 macapionitas.·§
1536 3029 1566 3088 0.
1579 3025 1613 3086 tr.
1628 3023 1665 3087 de

81 3115 155 3176 blato
168 3117 394 3198 impedimento
407 3118 515 3199 ipsius,
531 3119 618 3201 prius
633 3139 670 3183 ao
686 3123 839 3202 posterius
896 3119 1069 3202 Urucapt'on.
1082 3122 1121 3183 nt
1134 3138 1207 3182 vero
1220 3118 1411 3201 prescriptio
1425 3117 1555 3180 civiliter
1567 3119 1663 3179 inter·

81 3212 193 3290 tempus
220 3211 427 3291 possessionis
454 3212 537 3274 bona
563 3213 625 3276 lide
653 3215 838 3278 continuate
892 3218 1003 3290 rupta,
1025 3219 1099 3275 tunc
1126 3210 1254 3271 demum
1280 3217 1442 3274 remaneat
1469 3212 1660 3291 interrupta,

81 3303 289 3383 conjungitur,
314 3309 407 3384 atque
435 3311 631 3386 computatur
657 3307 688 3368 in
711 3324 835 3371 unum:
892 3303 1662 3385 sententiacondennatoriaeontrcpossessionem

80 3411 159 3456 secus
172 3396 299 3472 accidit,
314 3397 368 3458 ubi
381 3399 573 3479 prescriptio
588 3400 836 3481 interrumpitur.
892 3405 1040 3478 sequeur
1055 3419 1062 3461 :
1086 3397 1170 3480 quod
1189 3399 1214 3460 si
1232 3417 1305 3462 vero
1319 3415 1480 3479 possessor
1493 3395 1600 3460 vicerit
1614 3395 1662 3457 sel

113 3493 177 3552 203.
200 3490 386 3570 interruptio
398 3492 630 3574 preceptionis
651 3493 771 3576 aupes,
788 3515 839 3558 na-
891 3497 1097 3574 perpaotnm,
1119 3496 1175 3556 aut
1196 3492 1436 3555 transactionem
1458 3492 1543 3554 alite
1557 3507 1659 3552 reaes-

81 3583 175 3644 turotis
195 3591 227 3645 et
245 3582 351 3658 ciuile,
376 3587 464 3666 quel
476 3615 517 3631 -
539 3587 631 3666 Resp.
658 3587 694 3649 11.
719 3587 839 3668 Duplex
892 3601 961 3644 sum
975 3583 1080 3661 luerit,
1101 3582 1229 3662 perinde
1248 3586 1323 3646 tuno
1342 3582 1545 3664 possessionis
1560 3580 1657 3643 conti·

80 3679 121 3737 est
132 3677 318 3756 interruptio
332 3677 573 3759 prescriptionis
585 3697 591 3740 ε
605 3697 666 3741 000
677 3682 836 3756 naturalis,
892 3676 997 3738 nuatio
1011 3674 1155 3750 hebetur,
1171 3695 1207 3738 ao
1222 3676 1247 3736 si
1262 3676 1299 3738 lis
1313 3693 1475 3757 nunquam
1492 3681 1576 3737 mota
1588 3673 1661 3735 luis.

79 3767 165 3830 ultera
179 3769 291 3832 civilis.
310 3770 355 3830 lta
373 3770 479 3831 Glossa
495 3773 700 3835 communiter
713 3783 836 3856 recepto
891 3771 947 3830 set·
963 3768 1165 3832 Corarruvias
1178 3775 1257 3850 part.
1273 3770 1308 3833 11.
1321 3771 1352 3831 in
1363 3788 1391 3833 c.
1403 3769 1561 3832 Possessor.
1577 3769 1595 3848 ξ
1609 3771 1658 3832 tt.

79 3859 105 3918 in
126 3879 152 3923 c.
175 3861 261 3923 ltlud
281 3869 389 3924 autem.
409 3867 439 3930 i.
463 3863 654 3946 interseptio.
679 3874 709 3928 et
731 3868 837 3929 Abbas
889 3879 922 3923 n.
937 3867 967 3926 8.
986 3881 1064 3925 vers.
1080 3863 1254 3942 Iltudoero,·
1268 3865 1375 3945 Engel,
1391 3864 1444 3926 ubi
1463 3881 1565 3944 supra.
1590 3867 1660 3944 post

78 3950 145 4014 ibid.
167 3971 199 4015 0.
230 3957 264 4017 0.
293 3955 322 4016 h.
347 3958 371 4017 t.
396 3957 428 4016 et
449 3956 629 4028 communit.
651 3959 688 4020 Et
711 3959 836 4037 quidem
888 3955 1028 4018 Felinum
1050 3955 1175 4019 alliud
1187 3957 1354 4020 auternool.
1375 3955 1502 4019 nah.
1520 3955 1658 4031 etalios,

81 4065 95 4102 ι
115 4045 305 4108 Naturaliter
330 4044 563 4127 interrumpitur
590 4049 796 4131 prescriptio,
816 4075 830 4113 ιι
889 4068 967 4131 quos
981 4049 1102 4130 allegat.
1119 4049 1205 4120 Quod
1219 4047 1330 4111 melius
1343 4047 1541 4128 intelligatur.

77 4139 194 4216 0000οο
209 4136 321 4218 incipit
340 4138 458 4219 aliquid
478 4129 614 4203 detinere
633 4160 670 4203 ex
689 4143 749 4217 his,
765 4161 834 4224 que
928 4146 998 4206 206.
1022 4141 1129 4218 (licitas
1147 4139 1237 4203 modis
1260 4141 1490 4220 interrumpatur
1505 4139 1660 4222 prescrip

77 4231 248 4292 necessario
268 4229 308 4292 00
327 4230 591 4313 prescriptionem
611 4235 832 4314 requiruntur:
890 4238 928 4311 n'o
948 4235 1094 4300 ciuiliter?
1107 4235 1296 4318 Preteriptio
1314 4219 1373 4297 airu
1387 4253 1463 4296 mere
1475 4233 1657 4315 inventitii,

78 4328 107 4383 ut
131 4322 155 4384 si
183 4341 334 4386 successu
361 4325 511 4405 temporis
534 4328 730 4408 superveniat
753 4331 834 4392 malo
888 4331 947 4394 otia
961 4331 1137 4406 00000000ιο
1151 4328 1659 4402 metata.—Queritur1V.0uibus

75 4417 158 4488 fides,
183 4435 240 4479 seu
268 4422 354 4479 certa
376 4418 484 4479 notitia
512 4419 555 4480 rei
580 4419 708 4498 aliene3
734 4429 789 4492 aut
809 4425 834 4486 si
888 4423 988 4486 modis
1015 4427 1206 4507 prescriptio
1239 4425 1479 4504 interrumpatur
1508 4421 1658 4486 civiliterl
1717 4465 1720 4472 ι

75 4509 138 4588 quis
160 4509 288 4572 amittat
308 4511 537 4589 possessionem
556 4513 601 4574 rei
624 4521 687 4576 tam
709 4524 836 4580 natura·
887 4517 946 4582 Ubi
970 4519 1173 4599 repetendum
1194 4537 1232 4580 en
1245 4517 1333 4579 dictis
1356 4533 1448 4596 supra
1461 4515 1479 4595 §
1494 4519 1522 4577 i.
1548 4533 1580 4577 0.
1606 4520 1657 4590 lt,

74 4603 141 4674 lem,
165 4621 266 4682 quam
286 4601 407 4664 civilem
427 4603 529 4666 simul.
551 4625 565 4661 u
580 4605 714 4671 uiriliter
731 4615 835 4674 autem
889 4611 973 4691 quod
986 4613 1201 4693 «Praescriptio
1216 4609 1277 4672 ulia
1291 4610 1329 4672 sit
1342 4627 1428 4670 mere
1442 4607 1654 4684 favorabilia»

75 4693 307 4774 interrumpitur
319 4694 521 4775 prescriptio,
535 4717 550 4755 ιι
568 4700 693 4776 quando
707 4719 836 4764 maneu—
889 4721 945 4765 seu
959 4701 1083 4765 inducta
1107 4703 1137 4764 in
1160 4702 1296 4764 favorem
1314 4698 1498 4780 possidentis
1510 4702 1656 4774 tantm:

74 4788 151 4848 tibus
164 4786 363 4850 naturalibus
372 4787 612 4870 prescriptionis
622 4791 837 4873 interpellatur
889 4801 924 4859 ut
938 4801 985 4859 est
998 4797 1186 4878 prescriptio
1205 4795 1366 4858 triennalis
1380 4811 1484 4856 rerum
1497 4793 1658 4856 mobilium

74 4881 234 4958 possidens
249 4899 305 4960 per
325 4887 427 4942 sctum
442 4882 577 4962 aliquem
587 4884 766 4963 juridicum,
782 4888 835 4968 qui
890 4908 961 4952 cum
989 4891 1086 4964 titulo,
1117 4899 1148 4953 et
1173 4889 1257 4951 bona
1283 4888 1364 4966 tide,
1394 4905 1488 4968 quam
1516 4885 1658 4948 doctores

73 4991 107 5034 ex
122 4950 230 5052 legasti
250 4971 451 5054 dispositione
470 4975 563 5036 talem
577 4975 835 5058 interruptionem
894 4983 1146 5063 «Usuoapionem
1164 5005 1179 5040 ιι
1196 4979 1364 5061 appellunt.
1390 4979 1457 5041 Alia
1475 4978 1621 5052 radiosa,
1638 4999 1653 5038 u

72 5065 210 5126 inducit:
230 5063 269 5128 de
284 5083 348 5145 quo
361 5066 470 5128 ultimo
488 5068 576 5146 pluro
591 5069 623 5129 in
637 5089 814 5151 progressu.
890 5092 945 5137 seu
972 5092 1057 5136 mere
1085 5073 1210 5152 inducta
1238 5073 1271 5133 in
1292 5072 1398 5133 odium
1422 5069 1655 5151 negligentium.

109 5161 178 5221 000.
204 5157 358 5240 Differam!
383 5159 414 5219 in
436 5157 560 5240 effectam
584 5171 613 5224 ct
637 5162 836 5244 qualiterl-
889 5167 975 5230 nullo
1002 5172 1119 5230 attento
1143 5167 1247 5229 lavore
1274 5164 1525 5245 prescribenda:
1550 5168 1583 5223 ut
1612 5169 1660 5227 est

75 5253 164 5332 Resp.
181 5253 235 5315 Ill.
250 5251 435 5332 interruptio
452 5254 612 5330 naturalis,
628 5261 660 5318 et
679 5259 774 5320 civilis
792 5259 837 5340 ip·
889 5261 1080 5341 prescriptio
1103 5259 1240 5340 triginta,
1262 5259 1313 5321 vel
1335 5259 1470 5339 plurium
1492 5271 1657 5330 annorum,

74 5345 135 5408 sius
164 5344 409 5427 prescriptionis
436 5352 585 5426 quantum
613 5350 652 5410 sd
680 5350 834 5432 ellectum,
890 5353 1062 5435 procedens
1076 5353 1115 5415 ob
1136 5354 1234 5415 solam
1257 5349 1479 5434 negligentiam
1492 5366 1555 5410 uon
1570 5365 1661 5429 repe-

73 5437 221 5501 diucruut
243 5439 276 5499 in
297 5436 431 5502 duobus.
454 5436 576 5518 Punic,
596 5441 669 5522 quis
690 5446 838 5508 naturalis
889 5448 1022 5511 tentiam
1045 5453 1129 5511 tauto
1143 5451 1283 5531 tempore
1300 5463 1367 5510 rem
1390 5461 1490 5518 auam,
1505 5459 1568 5508 nou
1591 5443 1661 5511 obs·
