4008 6074
313 233 371 295 332
523 229 594 292 Lm.
617 230 652 292 ll.
674 227 883 292 numerat..
904 229 975 290 Tl'l'.
998 229 1577 309 xxvn1.nuat>t²u1.t.artott1su8,
1599 235 1682 298 ETG.

313 365 419 428 niendi
432 381 537 430 auram
552 380 590 424 eu
605 363 855 446 appellationem,
867 363 944 426 adeo
955 368 990 426 ut
1002 361 1076 425 alio·
1130 365 1287 444 pellationi
1301 366 1526 445 prosequende
1540 367 1707 430 terminum
1716 369 1890 430 breviorem

313 460 388 540 quin
411 477 505 522 eausa
523 457 740 540 appellationis
763 459 803 520 ad
823 457 926 538 ipsum
938 462 1075 524 reverta-
1130 460 1303 540 prefigere,
1332 465 1366 522 ut
1392 458 1553 522 fraudibus
1579 461 1731 524 obvietur.
1748 463 1892 524 licentra
1983 519 1984 528 ,

313 561 372 617 tur.
389 555 456 616 Hoc
469 553 552 614 enim
572 552 665 614 modo
679 555 852 616 arctaretur
874 553 968 614 etiam
983 553 1077 633 judex
1126 552 1224 633 judici
1247 551 1287 615 od
1307 571 1394 634 quem
1413 553 1533 614 nullum
1554 553 1589 616 fit
1602 555 1834 634 praejudicium
1857 573 1892 616 aa
1983 559 1984 620 3

312 645 353 708 od
365 665 458 727 quens
476 653 508 710 et
521 645 734 724 imponeretur
747 646 806 726 ipsi
830 665 886 727 per
899 644 1078 708 interiorem
1129 645 1260 727 proinde
1292 663 1351 708 nee
1379 649 1484 726 potest
1508 649 1698 728 restringere
1725 650 1890 711 terminum

313 741 482 804 necessitas
505 739 693 802 terminandi
712 758 840 802 causam
862 741 944 803 intra
966 739 1078 819 predi·
1130 740 1355 818 prosequende
1377 737 1594 819 appellationis
1621 757 1640 800 a
1667 742 1744 802 Jura
1769 759 1893 802 concas

313 840 398 898 etum
412 842 553 918 tempua;
570 834 656 914 quod
675 837 832 915 repugnat
845 835 944 898 ordini
959 835 1078 896 hierar-
1132 851 1212 908 sum,
1225 834 1312 912 juxta
1335 851 1400 914 reg.
1427 838 1475 896 l't.
1498 834 1552 913 jur
1572 835 1605 894 in
1625 837 1656 896 6.
1675 835 1893 898 olndultnma
1983 901 1984 906 ,

314 929 413 992 obice.
1130 924 1199 1006 iure
1212 927 1410 1006 beneficium,
1422 945 1486 989 ιιοιι
1496 934 1544 990 ast
1553 929 1645 990 ebeni
1655 929 1889 993 auferenduma

354 1027 422 1088 tea.
444 1021 537 1085 Etsi
556 1021 610 1083 luce
628 1021 743 1102 feeerit,
765 1028 894 1084 ceantur
915 1019 1080 1102 penituisse
1131 1019 1281 1101 intellige,
1299 1019 1358 1082 uisi
1368 1021 1457 1099 juxta
1470 1038 1576 1095 causa,
1592 1027 1681 1102 pute,
1695 1025 1892 1084 commodum

313 1118 467 1180 terminum
487 1115 694 1197 prosequende
705 1114 918 1196 appellationis.
934 1145 974 1160 -
988 1113 1078 1186 Quod
1132 1112 1301 1192 publicum,
1318 1120 1371 1175 eut
1391 1113 1570 1176 evitandum
1591 1111 1764 1195 periculum
1777 1119 1893 1180 anima-
1983 1149 1984 1158 2

314 1210 339 1272 si
354 1227 427 1272 vero
437 1207 675 1288 judaxiuierior
685 1207 718 1268 id
726 1207 835 1271 lecerit
844 1225 899 1268 sau
909 1207 1078 1287 appellanti
1131 1224 1213 1286 rum,
1225 1207 1309 1268 alind
1322 1205 1389 1269 lieri
1403 1207 1568 1288 deposeat:
1584 1217 1676 1290 prout
1689 1211 1772 1273 dicta
1785 1213 1893 1292 regule
1983 1229 1984 1258 1

313 1301 480 1383 prefixsrit
494 1299 662 1362 terminum
678 1298 810 1361 finiendi
823 1299 1076 1379 appellationem,
1131 1297 1255 1363 limitari
1278 1301 1368 1378 solet,
1393 1301 1592 1366 conformiter
1604 1305 1696 1368 alteri
1710 1307 1790 1385 parti
1812 1308 1893 1368 date
1983 1299 1984 1374 t

314 1397 459 1458 censetur
471 1391 639 1472 praedxisse
655 1392 824 1453 terminum
837 1391 878 1451 ad
892 1407 925 1450 se
940 1408 1077 1469 praesen·
1132 1393 1348 1458 conclusionis.
1921 1383 1928 1400 '

314 1489 442 1553 tandum
456 1489 625 1570 Superiori,
637 1506 693 1550 seu
707 1488 747 1549 ed
762 1487 1011 1567 prosequendam
1025 1505 1080 1566 ap·
1173 1489 1242 1548 tea.
1263 1485 1363 1550 Judee
1375 1506 1394 1550 a
1407 1507 1465 1570 quo
1479 1488 1579 1570 aeqttd
1591 1489 1721 1553 nuauere
1740 1491 1893 1552 terminum
1983 1483 1984 1546 i

314 1587 523 1666 pollutionem,
554 1601 617 1644 uon
643 1599 716 1644 vero
743 1581 783 1643 ed
811 1598 882 1643 eum
908 1578 1079 1642 finiendam
1131 1578 1226 1642 decan
1248 1580 1363 1642 dietum
1384 1580 1426 1643 ad
1448 1581 1653 1664 appellandum
1673 1596 1893 1664 concessumst
1983 1579 1984 1642 ι

314 1679 529 1752 summarium,
542 1675 747 1737 atabbasoit.
763 1691 791 1736 c.
806 1674 862 1736 Es
875 1672 1074 1736 insinuatione.
1131 1670 1208 1734 cur?
1221 1703 1260 1720 —·
1273 1673 1337 1734 Nec
1356 1674 1468 1752 obstat,
1489 1674 1572 1754 quad
1591 1674 1693 1738 Judex
1713 1697 1733 1737 a
1753 1695 1809 1758 quo
1834 1697 1891 1739 nun
1983 1677 1984 1752 i

316 1793 346 1836 n.
364 1779 392 1838 l.
409 1780 440 1836 et
453 1779 482 1836 2.
501 1773 534 1840 h.
551 1776 572 1833 t.
1046 1811 1049 1819 .
1131 1767 1229 1845 possit
1255 1767 1397 1830 minuere
1424 1768 1592 1830 terminum
1618 1769 1729 1831 decem
1754 1770 1889 1844 dierum,
1983 1789 1984 1798 ι

357 1872 424 1932 187.
448 1867 546 1930 Potest
559 1865 715 1927 terminum
727 1861 769 1924 ud
779 1860 1006 1945 prosequendam
1024 1877 1079 1942 ap-
1132 1877 1314 1924 concessum
1327 1861 1370 1923 ad
1383 1862 1620 1942 appellandum
1637 1867 1673 1926 ut
1682 1863 1891 1943 inquitGlassa
1983 1887 1984 1900 ³

314 1962 500 2044 putationem
525 1977 701 2030 eoncessum,
730 1956 896 2018 adbreviare
924 1953 1079 2018 seeundum
1132 1952 1163 2016 d.
1180 1971 1207 2016 o.
1224 1954 1299 2019 Cum
1311 1956 1351 2016 ait
1364 1955 1507 2019 Romano.
1524 1958 1555 2032 i.
1572 1955 1711 2020 Reotsius.
1723 1958 1754 2020 ιι.
1766 1963 1789 2022 t.
1801 1961 1888 2037 ltasp.

315 2057 491 2137 exigentiam
505 2052 624 2134 nepotii,
639 2059 691 2113 ete.
703 2085 743 2097 -
755 2051 839 2112 Prior
852 2065 926 2112 vero
940 2067 1013 2130 pars
1027 2068 1078 2128 pa·
1133 2047 1226 2120 anim,
1251 2048 1465 2130 disparitatem
1487 2067 1580 2110 esse:
1605 2049 1679 2128 qnia
1706 2051 1789 2112 istud
1811 2053 1889 2112 nulla

314 2158 358 2214 tat
371 2168 410 2211 ex
423 2167 451 2210 c.
467 2148 541 2212 Cum
555 2146 595 2208 sit
611 2145 754 2209 Romana.
777 2144 831 2204 ubi
851 2143 958 2206 (llossa
972 2145 1004 2220 γ.
1021 2145 1080 2204 lle-
1131 2141 1202 2219 lege
1216 2143 1368 2224 reperitur
1383 2141 1480 2224 judici
1505 2159 1708 2221 concessum,
1724 2143 1889 2222 praesertim

316 2243 409 2305 eisius
432 2245 464 2303 et
484 2240 598 2313 Abbas,
615 2238 690 2300 ibid.
705 2257 738 2300 n.
761 2242 791 2300 2.
816 2244 847 2299 et
870 2240 918 2299 li.
939 2243 970 2300 et
983 2240 1031 2298 ιι.
1048 2243 1080 2298 at
1132 2253 1205 2296 cum
1219 2254 1257 2297 ex
1270 2242 1335 2298 tam
1345 2236 1467 2298 modico
1481 2236 1710 2298 terminohaud
1723 2237 1812 2301 iacile
1827 2257 1890 2317 pus·

316 2334 464 2408 Barbose,
475 2352 507 2396 n.
535 2337 564 2395 l.
587 2333 619 2393 h.
643 2339 665 2395 t.
682 2339 713 2393 et
726 2332 777 2393 alii
792 2329 1007 2404 communiter,
1024 2329 1080 2390 dc-
1133 2327 1172 2389 sit
1185 2328 1400 2408 praejudicinm
1421 2327 1547 2408 aliquod
1570 2331 1724 2410 generari.
1741 2332 1836 2394 Seeus
1849 2331 1890 2391 di·

317 2434 432 2504 centes,
456 2427 545 2508 quod
563 2426 660 2506 judex
683 2445 700 2486 o
723 2445 780 2506 quo
799 2425 899 2505 possit
913 2424 1079 2486 terminum
1132 2421 1267 2484 cendum
1290 2422 1322 2483 in
1343 2423 1489 2485 letalibus
1509 2425 1735 2504 prosequende
1762 2427 1890 2506 appella·

315 2522 356 2584 ad
370 2519 620 2600 prosequendam
641 2516 881 2599 appellationem
895 2533 1078 2579 eoncessum
1132 2514 1234 2587 donis,
1259 2519 1365 2594 utpote
1393 2515 1433 2577 ad
1454 2513 1608 2596 integrum
1633 2521 1763 2590 annum,
1782 2525 1837 2579 aut
1857 2537 1889 2580 ex

316 2614 470 2694 (videlieet
497 2631 594 2676 unum
621 2631 749 2686 annum,
779 2613 829 2674 vel
864 2631 902 2674 ex
942 2609 1078 2688 legitima
1132 2607 1309 2668 necessaria
1338 2613 1368 2667 et
1391 2607 1527 2670 evidenti
1550 2627 1645 2670 causa
1671 2611 1712 2672 ad
1739 2609 1888 2673 biennium
1983 2673 1984 2678 ,

316 2725 409 2770 causa
422 2707 601 2785 biennium)
619 2704 801 2767 abbreviare
816 2702 989 2764 secundum
1003 2718 1080 2780 qua·
1132 2717 1200 2760 sese
1221 2698 1477 2762 extendentibus:
1500 2719 1574 2761 nam
1594 2703 1680 2781 quod
1699 2703 1762 2766 tale
1774 2711 1890 2784 tempus
1983 2697 1984 2768 ι

316 2802 435 2864 litatem
449 2817 503 2862 sea
526 2798 713 2880 exigentiam
741 2797 867 2879 negotii,
884 2813 920 2856 ae
934 2811 1079 2874 persona-
1132 2793 1303 2854 secundum
1317 2811 1433 2872 cause,
1444 2800 1474 2856 et
1482 2813 1688 2874 personarum
1702 2797 1887 2876 qualitatem,
1983 2813 1984 2854 ι

317 2911 397 2966 rum,
409 2891 610 2970 locorumque
624 2891 880 2969 distantiam-per
893 2895 1009 2952 textum
1025 2887 1075 2948 eit.
1129 2887 1225 2967 judex
1238 2907 1257 2948 u
1270 2907 1327 2970 qua
1347 2888 1502 2950 moderari
1516 2889 1625 2968 possit,
1641 2891 1667 2951 si
1691 2891 1737 2952 ita
1752 2893 1889 2972 expedire
1983 2919 1984 2938 ι

315 3003 343 3048 c.
362 2985 437 3049 Cum
450 2984 489 3045 eit
501 2984 644 3046 Romarm.
661 2984 693 3047 b.
709 2990 732 3045 t.
756 2984 842 3046 ldem
867 2982 1018 3062 probetur
1041 2998 1079 3042 ex
1128 2981 1330 3063 judicaverit,
1355 2999 1501 3063 expresse
1520 2983 1702 3045 conceditur
1724 2983 1783 3064 ipsi
1798 2986 1848 3046 eil.
1862 3005 1887 3046 c.
1983 3001 1984 3058 ι

317 3097 354 3142 eu
372 3099 378 3140 :
395 3079 469 3160 quia
480 3077 577 3158 judex
591 3097 609 3139 e
624 3095 685 3158 quo
701 3081 801 3157 potest
815 3076 985 3156 appellanti
998 3093 1079 3155 prm·
1134 3077 1210 3141 Cum
1223 3078 1262 3138 sit
1274 3077 1419 3140 Romana.
1434 3081 1464 3140 5.
1489 3085 1519 3140 et
1537 3097 1564 3140 c.
1589 3077 1715 3142 Oblata.
1741 3083 1791 3142 57.
1813 3081 1843 3140 h.
1868 3087 1886 3141 t.
1983 3105 1984 3168 j

316 3173 414 3253 ligere
429 3172 595 3235 terminum
615 3171 656 3232 ed
678 3171 738 3232 iter
756 3169 985 3249 arripiendum
1001 3174 1035 3229 ut
1049 3185 1076 3228 c.
1133 3189 1202 3233 cum
1219 3170 1458 3234 concordantiis.

316 3266 368 3328 aa
392 3265 461 3327 aaa.
492 3269 540 3328 su.
566 3265 597 3326 ι.
623 3269 647 3326 ι.
676 3265 783 3344 jussu
809 3263 917 3324 cussa
939 3261 1013 3322 rua
1045 3263 1076 3337 ι.
1173 3267 1241 3328 rau.
1267 3263 1433 3345 napata
1453 3265 1888 3346 semianimemque

317 3358 405 3440 Infra
418 3357 625 3440 quodraginta.
650 3361 726 3420 Item
748 3356 972 3436 adpetendum
988 3372 1080 3435 apos-
1132 3374 1238 3437 quem,
1253 3357 1351 3438 quoad
1362 3358 1554 3439 propositum.
1575 3357 1633 3421 Udi
1645 3359 1776 3420 imminet
1787 3358 1889 3438 pericu·
1983 3365 1984 3442 ι

318 3452 406 3529 tulos,
428 3452 524 3514 Clam.
551 3449 696 3526 Ouomuis.
722 3449 754 3510 b.
774 3455 796 3511 t.
819 3466 855 3508 ac
876 3447 1077 3526 hujusmodi:
1133 3450 1193 3512 lum
1218 3449 1405 3532 reipublicae,
1427 3451 1473 3512 cel
1493 3451 1672 3528 animorum,
1699 3450 1888 3528 mentatione
1983 3469 1984 3472 ¹

318 3544 389 3607 lieet
402 3561 466 3606 nan
480 3543 578 3625 pessit
590 3539 750 3623 praefigere
761 3539 927 3604 terminum
936 3542 1078 3618 respectu
1126 3541 1226 3623 judee
1246 3544 1287 3605 ad
1306 3561 1400 3622 quam
1413 3543 1589 3624 restriapere
1603 3553 1715 3625 tenpus
1727 3563 1888 3625 prosequen-
1983 3549 1984 3560 ¹

318 3637 532 3718 appellationis
554 3637 719 3711 finiende,
744 3636 795 3698 cit.
821 3652 848 3696 c.
871 3633 926 3696 Ea
953 3633 1080 3694 insinua·
1132 3636 1408 3718 doeoppeltotimie.
1425 3671 1464 3682 -—
1478 3640 1579 3716 Atque
1594 3656 1633 3698 ex
1647 3639 1697 3699 his
1710 3638 1887 3701 elicituralia

319 3731 404 3792 tione
420 3732 470 3793 50.
486 3728 519 3790 ιι.
534 3735 557 3792 ι.
574 3735 681 3808 estque
695 3730 837 3809 proxime
850 3729 978 3790 dictum.
1132 3731 1273 3810 probatio
1286 3733 1519 3811 premissarum
1533 3732 1779 3805 conclusionum,
1796 3738 1824 3794 et
1835 3732 1889 3792 dis

358 3826 425 3891 tus.
447 3824 592 3886 Euantro
610 3823 709 3904 judee
735 3823 776 3886 ad
800 3841 886 3906 quem
904 3841 962 3883 aton
986 3829 1080 3903 potest
1132 3824 1271 3902 paritatis
1298 3823 1380 3886 iuter
1410 3823 1549 3904 judicem
1572 3846 1591 3886 a
1611 3845 1684 3906 que,
1705 3827 1886 3908 etadquem.

317 3920 405 3982 istum
420 3917 574 3980 terminum
588 3915 767 3991 adbreviare,
790 3916 849 3978 nati
868 3917 1016 3976 immineat
1031 3932 1079 3994 pe·
1133 3917 1211 3978 Nam
1240 3917 1286 3979 illi
1313 3935 1459 3997 expresse
1486 3936 1670 3980 eoncessum
1698 3927 1745 3982 est
1770 3921 1885 3990 sture,

317 4013 451 4075 meatum.
470 4043 508 4060 ·-
518 4013 608 4089 aesp.
625 4013 661 4073 ll.
676 4011 700 4072 E
716 4016 822 4072 contre
833 4008 929 4088 judex
942 4007 983 4069 ad
996 4026 1079 4089 quem
1132 4027 1224 4090 posse
1235 4011 1325 4090 juxta
1340 4009 1525 4090 exigentiam
1547 4029 1726 4090 causarum,
1748 4013 1885 4082 locorum,

200 4131 203 4138 ι
318 4125 381 4168 ιιοιι
395 4109 497 4186 potest
511 4103 694 4166 abbreviare
706 4104 873 4164 terminum
887 4121 905 4163 a
921 4102 991 4182 jure
1006 4119 1081 4164 eou-
1134 4108 1227 4183 atque
1241 4121 1446 4183 personarum
1460 4105 1626 4179 moderari,
1642 4123 1700 4166 seu
1714 4106 1887 4184 restringere

318 4217 441 4262 cessum
476 4198 517 4260 ed
544 4196 792 4278 prosequendam
818 4195 1078 4275 appellationem,
1134 4202 1258 4276 tempus
1271 4197 1495 4276 prosequende
1510 4196 1745 4277 appellationis:
1760 4215 1777 4260 e
1791 4203 1887 4258 caune

314 4293 377 4355 'nisi
401 4292 506 4355 lorsan
525 4309 562 4352 ex
585 4307 689 4362 mora,
705 4306 761 4349 seu
774 4287 905 4368 longiori
920 4285 1079 4360 dilatione,
1132 4289 1227 4372 judici
1242 4288 1379 4372 adquam
1392 4290 1475 4351 istud
1488 4290 1597 4352 nullibi
1611 4291 1887 4370 reperitnrcouces-

318 4385 489 4464 periculum
504 4381 664 4442 immineat
676 4380 862 4452 animarum,
873 4380 921 4440 vel
932 4379 1081 4440 damnum
1135 4401 1215 4458 sum,
1230 4383 1288 4444 nisi
1302 4384 1357 4446 ubi
1369 4383 1513 4445 imminet
1526 4383 1711 4463 pericnlum,
1728 4389 1800 4464 puta
1811 4401 1887 4444 cam-

319 4477 516 4556 Reipublioae·
532 4477 576 4537 lta
598 4472 781 4544 Hostienti⁸‚
801 4473 834 4534 in
857 4471 991 4533 Summo.
1007 4472 1039 4532 ιι.
1055 4475 1078 4534 t.
1135 4494 1229 4540 mune
1242 4477 1434 4557 reipublice,
1449 4477 1498 4538 val
1512 4477 1699 4548 animarum,
1717 4478 1825 4557 sieque,
1840 4493 1886 4535 ar-

320 4589 352 4633 n.
370 4573 417 4632 l0.
434 4585 504 4630 vers
517 4565 579 4630 Sed
590 4575 618 4628 et
631 4564 731 4646 judee
744 4564 795 4626 ‘ad
813 4581 909 4645 quem.
931 4563 1078 4627 Abbasc.
1135 4575 1282 4651 grumento
1306 4587 1436 4632 asensu
1456 4569 1612 4631 centrario
1633 4569 1806 4648 desumpta,
1819 4585 1888 4628 cen-

321 4663 439 4728 olata.
455 4667 503 4725 et.
520 4679 553 4723 n.
568 4665 598 4723 6.
615 4661 646 4722 h.
663 4665 699 4733 t.;
717 4659 855 4740 Pirhing,
871 4659 940 4720 eud.
957 4677 990 4720 n.
1009 4662 1077 4722 l53.
1135 4669 1220 4725 satur
1240 4662 1298 4742 ipsi
1315 4661 1400 4724 istud
1422 4663 1613 4742 denegatum
1634 4665 1777 4742 respectu
1790 4679 1887 4724 anusa-

321 4757 428 4822 etalii.
443 4755 531 4818 Ratio
546 4753 734 4834 disparitatis
748 4751 1079 4834 interjudicemoqoa,
1135 4774 1223 4833 rum,
1252 4756 1285 4816 in
1319 4756 1432 4834 quibus
1468 4762 1588 4817 tantum
1619 4764 1761 4819 versatur
1786 4755 1887 4816 utilitas

322 4857 353 4916 at
369 4849 507 4931 judicem
530 4845 570 4908 ad
591 4865 686 4928 quem,
709 4852 860 4924 quantum
880 4844 921 4906 ad
943 4845 1083 4924 proposi·
1135 4849 1264 4929 private.
1281 4849 1387 4910 abhas
1409 4849 1463 4911 cit.
1481 4867 1508 4912 c.
1526 4847 1650 4911 actaea.
1668 4853 1717 4911 at.
1734 4866 1765 4909 n.
1779 4851 1806 4910 a.
1820 4847 1851 4907 ιι.
1864 4851 1884 4906 t.

321 4953 398 5022 tum,
415 4947 462 5004 eat
475 4941 562 5001 bec:
579 4938 662 5018 quia.
678 4941 715 4998 ut
727 4941 815 5000 notai
828 4937 932 4999 Abbus
946 4937 1020 5000 ibid·
1033 4939 1082 5016 1'11·
1136 4946 1168 5006 at
1181 4941 1264 5004 favel
1277 4947 1381 5004 textus
1393 4943 1469 5004 ibid.
1478 4943 1497 5022 ξ
1506 4941 1664 5024 Superior.
1680 4942 1711 5002 ιιι
1726 4941 1790 5003 hec
1801 4939 1887 5000 verba

320 5039 380 5102 dici
393 5058 412 5099 a
426 5028 1078 5118 quatitprejudiciumperappellatiunem:
1136 5033 1267 5115 loquens
1284 5054 1291 5094 :
1312 5055 1327 5092 u
1341 5036 1489 5114 Superior
1508 5051 1634 5114 quoque
1653 5032 1762 5107 ludex,
1777 5030 1887 5093 alvide·

321 5151 392 5195 nam
408 5147 491 5211 sepe
505 5125 678 5206 appellatur
699 5123 909 5198 frustratorie,
935 5124 977 5184 ed
994 5123 1083 5184 diffa-
1136 5127 1176 5188 rit
1189 5144 1227 5189 ex
1242 5127 1388 5190 dilatione
1403 5127 1578 5206 perieulum
1597 5125 1770 5198 imminere,
1786 5125 1883 5202 potest,

321 5227 454 5290 rendum
477 5220 635 5302 negotium
649 5217 836 5306 principale3
853 5217 960 5297 sieque
974 5216 1083 5278 merito
1138 5225 1169 5281 et
1182 5219 1276 5281 debet
1290 5221 1399 5281 neutra
1413 5223 1624 5300 prosequente
1647 5217 1883 5299 appellationem,

322 5326 423 5399 potest
437 5318 474 5391 is,
498 5312 622 5395 quando
643 5309 687 5373 ita
705 5309 745 5371 ob
769 5310 948 5388 qualitatem
967 5327 1081 5384 cause,
1137 5329 1312 5385 occurrere,
1329 5317 1362 5373 ut
1376 5313 1550 5391 periculum
1564 5313 1697 5374 evitetur
1713 5331 1720 5374 :
1736 5317 1816 5392 putu,
1831 5308 1885 5367 sia

322 5417 417 5490 etqua
431 5424 635 5489 personarum
649 5401 796 5485 expedire
815 5403 1011 5484 judicaverit,
1028 5421 1083 5484 ap·
1139 5404 1290 5466 sententia
1313 5405 1375 5466 lata
1399 5421 1492 5484 super
1514 5401 1746 5468 confimatione
1766 5398 1885 5477 alicujus
