4028 6068
284 261 343 322 etl
550 251 621 317 lun.
644 253 679 316 ll.
702 249 911 314 uenustus.
933 251 1005 316 tur.
1027 251 1129 315 XXVI.
1152 251 1201 314 Dii
1222 247 1601 336 rulesnuwnonlnus

282 388 412 470 epicopo
436 385 543 459 dedite,
578 385 646 448 4444
673 393 771 447 tomen
804 403 842 446 44
874 391 970 466 porte.
1006 417 1047 434 -·
1100 387 1121 450 4.
1142 385 1252 448 Verius.
1269 385 1302 447 li.
1318 385 1353 448 dt
1366 384 1485 447 Probet.
1500 386 1612 465 juncte·
1624 401 1690 466 reg.
1705 389 1756 448 44.
1778 388 1812 448 in
1834 391 1867 450 6.

283 484 377 563 Ruspe
393 483 442 544 Ill.
456 481 587 560 Insuper
600 479 741 550 subditus
756 496 885 540 mouens
895 479 1047 554 subditus,
1102 497 1171 561 que
1199 481 1267 544 ait:
1300 503 1316 540 r
1346 481 1546 543 Presnmitur
1575 481 1750 560 ignorantia
1783 483 1871 562 (44444

285 577 400 660 (idest,
416 591 510 654 qurum
523 571 730 652 denegent,
747 576 779 633 44
790 573 983 653 recognoscit
992 591 1049 652 pro
1102 575 1205 650 alieni,
1230 583 1315 654 pulc,
1345 575 1467 655 injuste
1496 577 1702 656 possessionis
1728 579 1871 659 alterins)

285 669 421 750 subdito)
436 665 587 746 nequitie
600 672 698 728 totum
718 664 920 745 praeseriberc
941 681 1050 745 excep
1103 667 1155 730 ulti
1170 667 1299 730 44444444
1312 685 1374 730 444
1391 668 1550 747 probetur.
1571 687 1586 727 4
1609 669 1676 741 044
1696 677 1871 748 prenotato

284 765 402 830 tionem
422 782 441 825 4
461 760 800 840 reverentie-episcopo
822 757 954 822 debite:
979 775 1049 820 44444
1142 763 1192 824 58.
1215 761 1270 824 Au
1291 761 1449 840 lepitimom
1474 760 1719 842 peremptionem
1753 761 1877 823 4444444444

286 863 505 937 4444444444
519 854 718 935 prescribere
733 853 765 913 44
779 859 888 932 perte3
912 855 999 932 puts,
1016 856 1050 913 ot
1102 855 1266 938 requiritur
1279 854 1352 916 trra
1373 852 1456 935 fides.
1478 883 1518 900 -
1537 855 1630 935 Resp.
1653 857 1675 919 l.
1699 855 1746 918 ild
1770 855 1874 936 legiti-
2005 847 2006 856 ³

288 951 433 1033 prelatus
451 947 580 1009 inferior
600 947 632 1008 44
653 965 709 1008 sus
730 943 877 1026 percellis
896 944 1051 1024 precedet
1103 965 1188 1010 mum
1202 947 1874 1027 prescriptionem-cuminorequiriturbcnn

287 1045 479 1124 episcopum„
496 1044 588 1117 prout
610 1035 817 1116 exemplificat
839 1037 977 1098 Burbose
997 1036 1048 1098 444.
1104 1043 1197 1104 tides:
1215 1039 1306 1116 odeo,
1322 1047 1358 1103 ut
1371 1059 1429 1102 neo
1443 1042 1477 1102 in
1489 1039 1557 1102 iorc
1572 1043 1732 1115 44444444,
1752 1061 1812 1104 nee
1827 1042 1873 1104 ci-

287 1139 409 1217 nllegnt.
427 1139 494 1199 res.
509 1153 542 1195 n.
558 1137 589 1208 l,
604 1133 743 1213 allegans
758 1133 846 1193 elios.
867 1131 905 1191 dt
922 1129 981 1190 hnc
1001 1147 1052 1216 per
1105 1137 1167 1208 rili,
1190 1136 1291 1199 444444
1312 1135 1502 1214 praescriptio
1526 1151 1598 1196 4444
1620 1136 1702 1198 44444
1726 1136 1799 1198 tide.
1826 1139 1874 1199 444

286 1233 370 1297 44444
384 1228 555 1291 admittitur
572 1243 696 1306 qnoque
714 1225 906 1304 prescriptio
926 1239 1053 1302 exemp
1105 1230 1209 1294 44444444
1224 1248 1293 1308 erp.
1312 1227 1366 1291 ult.
1383 1229 1415 1288 44
1429 1227 1606 1290 summano.
1623 1227 1654 1288 h.
1677 1235 1700 1292 t.
1722 1247 1759 1291 eo
1783 1229 1874 1292 44444-

286 1325 378 1389 tionis
391 1324 430 1384 de
445 1339 507 1384 44044
522 1320 677 1381 solvendis
692 1319 838 1400 episcopo
848 1315 1049 1390 funeralibus,
1104 1323 1167 1404 log,
1183 1331 1214 1386 et
1224 1323 1391 1386 fflnonistae
1403 1323 1617 1384 communiter,
1630 1323 1792 1385 Conclusio
1803 1321 1874 1384 haeo

286 1427 340 1482 444
355 1425 462 1498 quarte
476 1415 679 1488 deeimarum,
696 1432 724 1475 c.
740 1411 784 1474 ue
798 1418 916 1493 quarte
932 1413 961 1473 4.
977 1408 1010 1472 h·
1026 1413 1069 1470 l·-
1105 1419 1188 1480 clere
1202 1417 1335 1479 hebetur
1348 1417 1455 1479 decise
1468 1436 1496 1478 4.
1518 1415 1665 1497 Viqilouti.
1681 1419 1712 1492 5,
1735 1416 1768 1479 h.
1793 1423 1817 1480 t.
1841 1423 1875 1480 et

288 1521 320 1577 44
333 1513 425 1575 4444444
442 1511 593 1590 siquidem
612 1509 683 1572 tulis
703 1505 893 1590 prescriptio
913 1503 1053 1584 procedit
1105 1531 1173 1591 (gap,
1190 1511 1245 1574 ult.
1262 1513 1333 1574 eod.
1348 1513 1406 1573 uei
1426 1511 1457 1574 in
1481 1511 1609 1573 concilio
1633 1512 1771 1590 gerenti
1796 1511 1874 1591 (4444

288 1609 389 1671 solum
403 1624 442 1669 err
462 1611 566 1684 purte:
589 1619 651 1663 non
674 1607 779 1662 eutem
800 1596 953 1660 subtrahit
973 1595 1053 1675 epis-
1106 1609 1153 1666 est
1192 1602 1409 1677 pateranensi,
1443 1600 1599 1664 celebrato
1626 1599 1692 1663 sub·
1719 1603 1875 1664 lemen.

287 1719 365 1780 copo
378 1705 477 1764 44444444
488 1699 540 1778 jus
555 1694 742 1776 episcopale,
759 1697 952 1778 nuccmnem
966 1705 1053 1751 reve·
1106 1698 1148 1760 tic
1175 1695 1222 1778 tm
1252 1696 1295 1758 sic
1321 1695 1461 1758 decisum
1487 1694 1642 1758 refertur:
1675 1717 1692 1755 c
1718 1695 1874 1767 Ouoninm

285 1793 429 1862 mutium,
446 1795 477 1851 et
490 1787 714 1868 subjectionem
730 1784 831 1846 cidem
846 1782 996 1843 dubitem.
1106 1789 1308 1868 oan'quod
1321 1807 1385 1850 non
1400 1795 1448 1851 est
1466 1805 1504 1849 ex
1528 1787 1600 1874 fldffi
1625 1781 1789 1867 peecatum
1813 1795 1872 1863 est,

325 1888 376 1946 nc.
397 1881 498 1946 444444
509 1888 657 1962 centuplus
671 1885 767 1961 polest
783 1875 969 1957 ptoetctt'berl
988 1891 1055 1934 0⁰⁹¹·
1105 1883 1247 1962 synodali
1265 1881 1377 1961 judicio
1402 1881 1582 1953 diffinimus,
1609 1885 1643 1944 ut
1663 1881 1749 1944 nnlln
1772 1883 1875 1968 velent

286 1986 333 2039 tm
347 1975 509 2058 episcopum
521 1980 631 2034 4444444
643 1969 822 2053 parochiam.
843 2001 881 2014 -
901 1969 945 2028 Ex
963 1966 1053 2028 diolit
1106 1977 1224 2055 ubsque
1238 1977 1321 2036 bons
1333 1974 1616 2056 lide·praescriplio‚
1639 1981 1704 2036 44444
1722 1975 1873 2037 canonice

286 2070 417 2132 4444444444·
430 2085 502 2130 cum
513 2067 643 2142 Abb'dlfl',
656 2084 683 2128 c.
698 2065 772 2128 Cum
782 2082 840 2124 44044
850 2061 944 2122 dedali
956 2078 988 2120 n.
1002 2064 1050 2122 Π.
1106 2089 1200 2151 quam
1215 2070 1321 2146 civilis,
1338 2091 1353 2130 p
1372 2073 1431 2132 etc,
1447 2070 1526 2131 Hinc
1540 2065 1652 2150 inreg,
1669 2073 1699 2130 2,
1714 2069 1777 2148 jur,
1794 2071 1827 2129 in
1843 2073 1872 2132 6,

288 2163 321 2223 h.
344 2169 366 2224 t.
388 2167 421 2223 et
437 2157 576 2222 Buthose
595 2159 645 2219 cil·
665 2157 791 2236 allegat·
813 2157 885 2242 428.
909 2173 940 2214 n.
967 2157 997 2216 9·
1023 2161 1054 2215 44
1106 2165 1245 2226 absolute
1260 2163 1394 2226 dicitur:
1415 2165 1531 2225 rMelae
1546 2161 1618 2224 fidei
1633 2179 1798 2240 possessor
1811 2161 1874 2222 ullo

288 2255 369 2330 aliis,
393 2252 476 2330 quod
498 2251 594 2312 lhbffl
616 2254 779 2328 4444444444
798 2247 897 2327 44048144
916 2246 1053 2324 444448414-
1105 2259 1518 2337 temporencnpraescribit.
1536 2257 1656 2322 »Unde
1676 2273 1875 2336 consequeus

289 2349 364 2410 bem
386 2351 492 2408 40444444
513 2345 693 2426 episcopum
714 2347 831 2404 04444441
850 2339 1050 2418 Pffiffilffifflffl
1106 2358 1166 2427 444,
1186 2351 1303 2412 nnllam
1325 2351 1589 2434 proscriptionem
1611 2349 1789 2414 eum-male
1813 2349 1875 2411 lide

288 2443 331 2504 444
346 2440 499 2512 videlicet,
515 2445 625 2500 utnon
641 2435 772 2517 emplius
787 2435 846 2496 iste
859 2433 958 2495 subsit
971 2431 1053 2510 cpis-
1105 2445 1286 2524 pffloedere,
1312 2449 1489 2522 quantoque
1513 2449 1663 2523 tempure,
1689 2449 1777 2524 puts,
1802 2462 1876 2505 cen·

288 2553 378 2614 copo,
409 2533 464 2594 Sfld
490 2532 594 2594 44)ῧῦῐὶ
623 2527 851 2608 θ4444414140444414
871 2545 891 2586 ³
913 2533 1052 2604 4444144448
1105 2543 1171 2599 tom
1195 2537 1243 2598 vel
1267 2537 1350 2598 mille
1374 2539 1484 2608 annis,
1513 2539 1671 2618 possessio·
1695 2537 1740 2600 rei
1764 2537 1876 2598 4444444

287 2627 501 2690 immemoriuli
530 2644 585 2706 pet
612 2640 685 2694 ⁵⁰0⁸
712 2621 889 2683 4110ῠᾶ44445·
916 2617 1054 2680 4404444444
1107 2633 1242 2693 scienter
1268 2632 1448 2694 4444444444
1475 2619 1591 2695 luerit:
1622 2633 1761 2713 quinimo
1789 2635 1876 2694 tunic

236 2733 237 2736 ’
289 2739 397 2783 curum
418 2717 595 2780 animuum
616 2719 761 2796 respectu
784 2715 864 2775 illinc
885 2711 1051 2792 powsshitts
1106 2725 1336 2804 gravioresuot
1350 2732 1477 2803 peccota
1496 2725 1566 2787 tulis
1586 2725 1709 2803 injuste
1724 2725 1878 2786 detentio·

290 2820 324 2875 ei*
335 2830 495 2892 mlnqutlffl
508 2811 548 2872 ab
562 2810 830 2890 episcopo-curum
852 2803 979 2882 recepit,
1000 2821 1054 2865 ΠΒ·
1105 2819 1154 2880 uis
1168 2819 1212 2880 rei
1227 2818 1347 2888 4444444,
1365 2823 1481 2896 quanto
1496 2818 1611 2881 diutius
1633 2818 1790 2879 infelicem
1812 2817 1878 2879 nni-

290 2922 357 2983 ‘lue'
365 2904 509 2967 4484444413·
517 2903 585 2965 fuit.
602 2901 647 2962 ¹³⁸
668 2917 730 2980 ‘lun
751 2899 841 2982 lllffl'a
862 2899 973 2962 ⁰ii³²¹¹³
994 2897 1054 2958 dil
1106 2931 1190 2974 mam
1212 2912 1352 2973 detinent
1372 2911 1540 2993 alligatam,
1566 2931 1634 2992 cup.
1659 2911 1715 2974 ult.
1738 2909 1775 2974 de
1798 2910 1877 2974 Con·

289 2998 359 3076 bes,
374 2997 502 3060 solvens·
512 2995 675 3059 contrariu.
1106 3005 1221 3070 suumn.

1146 3103 1195 3163 449.
1218 3099 1263 3160 Et
1276 3097 1391 3180 quidem
1406 3107 1464 3161 totu
1478 3095 1528 3160 illo
1542 3106 1681 3179 tenpore,
1707 3116 1765 3180 quo
1785 3094 1879 3160 444444

624 3209 711 3290 5111,
1105 3192 1300 3276 puemiptiu.
1329 3225 1369 3241 -
1395 3191 1489 3270 liesp.
1518 3193 1553 3253 44.
1587 3192 1634 3253 Ad
1657 3192 1877 3272 complendum

1108 3287 1372 3366 prescriptionem
1399 3285 1568 3364 requiritur
1595 3284 1677 3346 bone
1706 3283 1784 3346 fides
1812 3289 1877 3348 toto

291 3405 328 3452 44
351 3403 428 3454 nonu
453 3401 521 3450 44444
545 3400 585 3446 no
608 3395 861 3446 runscnrrncnurr
889 3395 1052 3448 44444444.
1108 3382 1161 3443 illo
1175 3385 1327 3460 tempore,
1345 3397 1406 3457 quo
1421 3379 1517 3440 currit
1527 3377 1729 3457 prescriptio.
1742 3382 1879 3440 4444444-

1109 3472 1216 3535 munis
1225 3471 1454 3551 theologorum,
1471 3478 1502 3532 44
1517 3470 1745 3531 canonistarum
1758 3489 1767 3549 3
1784 3478 1878 3551 atque
2005 3523 2006 3560 ,

331 3569 381 3627 57·
403 3563 487 3626 Btmc
506 3561 578 3645 fidit
600 3561 629 3622 iu
648 3559 806 3642 4444404444,
830 3555 1059 3640 4444413444
1110 3567 1243 3628 habeor
1262 3565 1402 3626 decisum
1422 3565 1455 3624 in
1484 3563 1596 3624 eodem
1622 3563 1755 3624 ocncssio
1784 3581 1881 3645 gene·
2005 3563 2006 3616 i

291 3659 484 3739 4044444Μο
493 3654 696 3737 4448444444,
711 3653 769 3715 niti
785 3650 923 3734 4440644444·
940 3659 1057 3712 wulla-
1110 3659 1178 3734 reli,
1196 3657 1294 3719 444444
1309 3657 1340 3717 44
1356 3675 1425 3736 cap.
1442 3657 1498 3718 444.
1514 3656 1546 3717 h.
1565 3662 1586 3717 4.
1608 3655 1666 3718 ubi
1690 3661 1763 3737 post
1784 3657 1881 3719 rerba

292 3753 381 3814 ritem.
409 3783 450 3799 -
471 3751 624 3821 Oumritur
646 3749 669 3810 l.
695 3749 754 3822 444,
779 3750 811 3808 44
834 3763 896 3825 qno
918 3749 1056 3825 tempore
1111 3749 1407 3832 proximorumque,
1425 3749 1642 3828 subiungitur:
1665 3771 1680 3806 u
1693 3751 1772 3811 Cum
1786 3767 1882 3830 gene-
2005 3763 2006 3818 4

292 3846 375 3907 bona
402 3843 488 3904 lides-
507 3840 685 3920 requiratur
710 3839 754 3901 udt
770 3837 1067 3917 prescriptionsmt·
1111 3841 1217 3904 reliter
1230 3840 1269 3902 sit
1283 3839 1366 3901 omui
1389 3839 1611 3912 constitutioni,
1635 3845 1729 3918 etque
1751 3857 1882 3902 consue

292 3933 719 4018 communionemque
746 3932 864 3994 chone
887 3932 964 3993 fides
986 3955 1000 3990 o
1025 3933 1058 3999 in
1112 3935 1209 3998 tudini
1238 3933 1478 4013 derogandum,
1512 3951 1581 4011 ques
1609 3933 1729 4012 ubsque
1757 3936 1881 3996 mortali

294 4030 461 4111 proposito·
473 4027 561 4090 eliud
575 4045 643 4088 nco
657 4027 708 4101 sit,
728 4043 823 4106 quem
839 4026 942 4105 pruno
957 4025 1059 4087 existi·
1112 4031 1239 4109 peccnto
1253 4043 1316 4088 ncn
1330 4031 1433 4105 potest
1447 4025 1617 4089 observari.
1639 4027 1733 4090 Unde·
1748 4033 1881 4106 oportet,

294 4125 401 4198 mutio,
426 4123 497 4184 sive·
513 4119 691 4198 credulitas,
717 4137 779 4199 qun
802 4119 871 4198 quis
890 4117 1060 4197 prudenter
1113 4128 1148 4183 nt
1161 4119 1214 4200 qui
1227 4117 1408 4199 prescribit,
1425 4119 1457 4178 44
1470 4117 1558 4178 nulle
1570 4117 1720 4196 temporis
1733 4125 1825 4200 purte
1839 4120 1882 4180 rei

295 4219 359 4280 sihi
379 4216 557 4297 persuadet,
585 4233 662 4289 rem,
692 4230 786 4292 quem
814 4212 961 4292 possidet,
991 4229 1059 4273 esse
1113 4211 1384 4276 hubeetnctitiem
1398 4209 1548 4273 4444444.»
1564 4211 1638 4272 llaec
1652 4211 1708 4273 ihi.

294 4328 394 4371 snum.
410 4311 447 4371 Et
461 4307 595 4386 additur,
621 4329 635 4364 u
649 4305 868 4387 prudentem
893 4303 1006 4383 quiesi
1022 4321 1060 4364 44
1154 4307 1203 4368 dt).
1226 4302 1382 4367 Secusubi
1400 4300 1650 4382 proscriptionem
1666 4303 1736 4382 jum
1759 4303 1885 4385 comple·

295 4403 469 4482 ignorantie
483 4419 593 4462 cresen-
602 4405 634 4462 et
646 4399 801 4472 4444444444,
818 4415 874 4459 sen
888 4415 926 4459 en
946 4396 1061 4458 incrdi-
1115 4407 1174 4460 tom
1187 4396 1354 4478 superuenit
1365 4395 1469 4456 4444444
1483 4393 1529 4460 ret
1541 4393 1653 4456 4444444.
1669 4426 1709 4441 -
1728 4395 1828 4458 Serus
1841 4405 1887 4460 est

295 4501 372 4555 444441
383 4492 550 4573 cupiditnte
564 4491 711 4566 habendi,
722 4491 886 4574 persuasio
894 4491 946 4552 ills
956 4509 1062 4570 proce·
1115 4491 1292 4558 dicendum,
1316 4477 1381 4549 ¹nbi·
1403 4494 1473 4567 post
1499 4487 1685 4567 comple-tem
1711 4487 1797 4550 44444
1824 4487 1886 4550 fide

295 4586 358 4660 dett
375 4601 443 4644 444
453 4583 512 4644 erit
525 4583 607 4644 boue
621 4583 709 4659 tides,
728 4583 818 4662 juxte
838 4583 913 4644 illud
932 4581 1061 4655 esaum„
1115 4583 1381 4665 prescriptionem
1409 4582 1544 4661 primurn
1571 4582 1753 4660 supervenit
1778 4583 1887 4644 notitia

296 4693 385 4745 4444.
414 4679 443 4737 l.
473 4673 583 4737 Noluit·
603 4674 773 4756 iutellipere,
803 4683 837 4735 ut
863 4673 931 4736 44444
953 4683 1059 4754 speret
1115 4675 1283 4739 rei-nliene
1297 4694 1306 4735 :
1321 4675 1395 4754 quia
1408 4693 1479 4736 eum
1493 4675 1563 4736 telis
1583 4675 1655 4754 jure
1678 4675 1888 4756 prescriptio·

299 4769 376 4831 44444
389 4765 497 4829 (444444
510 4783 537 4828 4.
555 4763 592 4826 Si
604 4765 748 4847 dittpmtt.
767 4771 799 4846 4.
816 4767 911 4828 Bone
924 4764 1004 4847 fidei.
1028 4766 1060 4828 h.
1111 4769 1165 4836 ,nis
1175 4771 1242 4848 jem
1256 4768 1392 4847 legitime
1407 4766 1499 4828 fuerit
1514 4767 1647 4847 adeptus
1658 4765 1833 4829 dbmiuinm
1843 4767 1888 4828 rei

260 4873 263 4878 '
297 4871 319 4927 4.
339 4859 459 4940 inquit:
481 4859 596 4918 ctione
609 4857 687 4920 tides
707 4859 896 4939 intelligitur,
919 4875 990 4920 cum
1011 4859 1064 4920 uli-
1118 4862 1238 4934 aliene,
1252 4861 1339 4939 juxta
1354 4860 1436 4922 dicte
1450 4878 1482 4921 u.
1499 4863 1547 4922 44.
1575 4865 1607 4921 44
1628 4877 1714 4938 seqq.
1739 4860 1801 4921 hoc
1822 4858 1887 4940 ipsc

299 4957 374 5035 quis
391 4952 499 5026 credit,
521 4949 696 5014 uadentem
719 4969 787 5012 esse
812 4951 992 5018 domiuum:
1015 4953 1064 5012 vel
1118 4958 1341 5016 nonceueetur
1355 4969 1423 5015 esse
1438 4953 1615 5014 4444444444
1630 4969 1813 5032 possessor3
1833 4971 1888 5014 ne-

299 5049 416 5111 hsbere
426 5048 482 5127 jus
493 5043 696 5115 distrahendi,
709 5044 781 5105 licet
795 5051 877 5107 erret
890 5044 922 5106 iu
936 5045 1060 5120 44444.»
1119 5065 1180 5127 que
1200 5063 1268 5107 rem
1289 5046 1374 5107 illam
1398 5044 1532 5124 emplius
1560 5045 1725 5107 restituere
1751 5050 1886 5106 tenetur.

299 5145 321 5205 4.
336 5142 429 5204 noro
441 5137 514 5223 fidei
525 5145 647 5219 emptor.
664 5117 696 5198 ff.
713 5135 749 5198 de
766 5135 881 5200 Verior.
904 5138 1004 5218 siquis.
1028 5141 1067 5200 444
1119 5139 1228 5202 Glossn
1242 5140 1295 5200 tin.
1313 5139 1363 5200 cit.
1378 5156 1386 5211 ;
1403 5155 1471 5218 cap.
1489 5137 1558 5212 444.,
1574 5139 1605 5198 44.
1623 5145 1645 5199 4.
1661 5137 1889 5198 4444444444444

300 5237 371 5300 telis
384 5237 466 5298 bonu
482 5233 559 5296 fides
572 5232 605 5292 in
620 5229 685 5293 icrc
701 5237 828 5292 externo
843 5249 967 5311 semper
985 5249 1067 5316 4444-
1121 5253 1148 5296 4.
1171 5232 1320 5316 l'iqiluoti.
1338 5234 1367 5310 44
1385 5231 1520 5294 Nocet-iu
1536 5231 1606 5292 eod'.
1622 5231 1833 5293 communiter
1845 5249 1891 5292 re·

302 5331 444 5402 sumitur,
468 5327 526 5388 nisi
554 5324 704 5404 probetur
730 5324 945 5396 contrarium
975 5332 1066 5405 prout
1121 5333 1221 5406 coptu.

303 5421 467 5508 subjungit
483 5421 594 5487 (444444
610 5420 672 5482 444.
696 5418 747 5482 cit.
771 5416 853 5481 istud
873 5417 1008 5498 prebens
1029 5437 1067 5480 es
1162 5422 1212 5482 64.
1237 5418 1378 5500 Spectato
1387 5417 1459 5499 jure
1470 5416 1551 5480 cicili
1570 5416 1650 5493 clim,
1674 5415 1716 5478 od
1733 5416 1894 5498 perrumpe
