4028 6068
254 231 317 298 220
561 229 632 292 Ltlt.
654 231 690 292 11.
713 227 922 292 necessat.
943 231 1015 294 TIT.
1037 229 1128 293 XXV.
1150 231 1201 291 DE
1222 228 1531 294 excurremus,

256 381 366 428 comm
387 360 526 426 libellum
549 361 678 438 offerre,
704 380 760 423 seu
782 365 888 441 partes
910 363 1022 425 actoris
1075 363 1159 426 modi
1184 363 1338 443 judicium
1371 363 1650 426 summarissimum
1684 363 1845 446 precipue

256 458 409 522 sustinere
423 456 514 531 velit3
531 473 567 517 ac
580 455 710 536 proinde
724 455 897 534 periculum
910 455 1020 531 subsit,
1076 455 1244 518 instituitur
1257 457 1300 519 ad
1310 473 1384 518 eum
1397 456 1503 535 tinem,
1519 475 1560 520 ne
1575 458 1627 520 lite
1642 457 1758 520 diruas
1768 475 1847 536 pen-

256 570 296 614 ne
311 555 416 631 partes
430 550 489 611 ille
505 549 631 612 veniant
643 549 790 611 adema.
800 552 833 610 ln
844 549 897 612 teli
907 549 1023 630 quippe
1076 551 1169 614 dente
1183 557 1287 630 partes
1302 551 1342 612 ed
1356 551 1592 631 armalveniant.
1610 551 1751 614 Declarat
1761 553 1844 614 istud

199 693 202 700 .
255 663 331 709 casu
353 644 451 724 judex
478 653 516 705 ex
543 640 642 704 officio
666 643 797 705 instituit
827 642 1023 706 etudicium
1076 643 1256 704 Menochius
1270 643 1320 706 cit.
1337 645 1456 706 remed.
1473 644 1528 706 ult.
1548 643 1586 706 de
1606 643 1757 708 Retiseod.
1779 663 1849 723 pos-

256 738 536 810 summerissimum
565 736 661 817 (quod
688 737 739 798 alii
762 735 921 816 appellant
939 737 1024 816 judi·
1075 755 1142 800 sess.
1157 755 1189 798 n.
1206 742 1236 800 l.
1252 741 1284 800 et
1296 753 1375 816 seqq
1401 737 1432 797 in
1443 754 1527 812 casu,
1540 753 1601 816 quo
1611 737 1673 798 duo
1683 737 1724 799 dc
1734 739 1848 800 eadem

257 834 340 899 cium
353 831 489 905 interim,
504 831 1025 911 siresummorissimumpossesso-¹
1076 831 1270 908 possessione
1284 831 1417 910 litigant,
1433 838 1463 890 et
1483 829 1576 890 ambo
1597 829 1790 892 contendunt
1811 849 1848 894 se

256 926 350 1006 dum)
374 947 390 985 ι
417 923 449 985 in
472 942 534 1004 qno
557 922 673 986 voeatis
698 923 849 986 ambabus
869 923 1020 1005 pertibus,
1077 921 1256 1000 possidere,
1281 927 1374 1003 etque
1403 921 1646 987 controversiam
1673 922 1755 984 hanc
1781 941 1848 984 non

258 1035 428 1097 earumque
459 1015 670 1078 fundamentis
701 1015 814 1078 auditis
845 1013 1023 1078 summatim
1074 1017 1203 1104 judicio,
1218 1017 1275 1080 sed
1288 1018 1386 1080 armis
1400 1017 1535 1080 diffinire
1548 1018 1850 1099 gestionedumvi-

257 1111 428 1193 cognoscit,
465 1116 533 1170 uter
571 1127 609 1171 ex
642 1109 848 1188 litigatoribus
882 1115 1023 1188 tempore
1078 1111 1332 1190 delicetuterqne
1347 1130 1402 1174 sua
1417 1111 1613 1189 auctoritate,
1628 1117 1723 1190 etque
1737 1129 1848 1184 manu,

257 1211 349 1265 mote
364 1203 425 1265 litis
439 1201 605 1282 possideat,
621 1201 727 1280 sicque
743 1203 866 1276 sciatur,
881 1200 951 1280 quis
968 1201 1026 1262 de·
1077 1204 1111 1266 in
1122 1205 1319 1284 possessione
1343 1223 1411 1267 sese
1432 1205 1511 1266 tueri
1535 1209 1685 1276 conatum
1713 1211 1851 1284 uterque

256 1297 333 1360 beat
352 1295 504 1359 sustinere
526 1297 631 1374 partes
652 1294 763 1357 actoris
780 1295 812 1356 in
833 1293 1023 1374 possessorio
1078 1299 1172 1360 armis
1186 1298 1267 1360 bene
1281 1297 1430 1374 munitus,
1448 1305 1478 1359 ot
1492 1297 1647 1359 sociorum
1663 1297 1779 1360 sardio
1794 1296 1852 1357 sti-

259 1390 429 1464 ordinario,
457 1388 506 1450 vel
533 1387 674 1466 petitorio
693 1387 824 1468 judicio.
850 1387 1024 1450 Feohineus
1077 1399 1169 1472 patus
1182 1391 1394 1454 adversarium
1409 1395 1650 1471 terroremque
1666 1409 1706 1453 ne
1720 1390 1760 1452 ad
1774 1409 1851 1469 pos·

258 1479 834 1560 11111111.Ουιὶνουθνδ·]’νν.οιρ·ῐνι
854 1479 937 1542 circa
956 1479 1022 1541 init·
1079 1487 1249 1549 sessionem
1279 1485 1429 1564 accedet,
1461 1485 1613 1566 repellere
1640 1485 1746 1547 studet
1772 1492 1850 1546 tnnc

259 1576 405 1638 Ludoric.
421 1574 461 1636 ab
475 1573 623 1648 Ecclesia,
643 1595 658 1634 o
672 1573 909 1636 Observationes
923 1573 1025 1636 toren-
1079 1580 1174 1656 enim,
1191 1581 1264 1658 quia
1274 1581 1389 1660 judicis
1403 1581 1538 1642 officium
1549 1579 1736 1659 expostulat,
1747 1577 1851 1658 publi-

260 1690 311 1734 scs
333 1675 460 1732 senatus
483 1667 726 1740 Pedemontani,
755 1684 771 1727 ι
801 1665 922 1728 observ.
952 1669 1021 1729 189.
1079 1692 1148 1734 carn
1162 1691 1283 1751 pacem,
1300 1681 1331 1735 et
1352 1673 1531 1754 reipublice
1556 1675 1695 1752 quietem
1717 1673 1851 1733 illesam

259 1783 291 1827 n.
308 1769 345 1837 ις
365 1761 567 1826 Corarruviss
581 1760 709 1823 Prcctic.
732 1767 833 1841 quest.
858 1780 926 1841 cap.
949 1777 1041 1824 nvn..
1079 1785 1215 1840 servare,
1230 1767 1257 1828 is
1277 1767 1401 1846 utrique
1422 1769 1501 1846 perti
1521 1769 1646 1848 jubere,
1672 1773 1766 1848 atque
1791 1770 1849 1829 sub

259 1877 293 1921 n.
309 1862 337 1920 l.
354 1863 385 1920 st
399 1873 509 1936 seqq.;
528 1855 709 1918 ltlenocbius
731 1853 766 1916 de
785 1851 936 1916 Retineud.
956 1872 1026 1935 pos-
1079 1853 1174 1941 pena
1187 1859 1302 1921 indicta
1325 1859 1492 1938 precipere
1515 1862 1614 1936 solet,
1643 1877 1684 1922 ne
1713 1861 1754 1922 ad
1777 1877 1849 1922 earn

260 1948 624 2013 coenomanicae
642 1954 674 2011 et
686 1965 773 2027 seqq.
790 1945 905 2026 alliquo
923 1945 963 2008 ab
978 1945 1026 2006 his
1079 1953 1318 2033 possessionem¹
1330 1954 1480 2016 accedere
1500 1951 1647 2027 audeant,
1671 1955 1727 2016 sed
1748 1956 1850 2034 ipsam

261 2041 361 2106 relati.
377 2043 434 2106 Ubi
1081 2045 1138 2108 sub
1155 2053 1317 2126 sequestro
1332 2048 1415 2126 apud
1430 2065 1463 2110 sc
1478 2047 1665 2126 relinquant.
1681 2049 1748 2119 Ouo
1768 2048 1850 2110 teoto

301 2137 357 2198 113
373 2136 487 2196 01114·
502 2131 1025 2214 ludicittmreit'nettdoepvttettifflits
1081 2137 1213 2220 diligens
1236 2139 1333 2218 judex
1356 2141 1518 2220 utriusque
1543 2140 1638 2219 partis
1663 2141 1852 2202 summaries

260 2227 388 2308 duplet:
402 2225 596 2316 &dimittitis
611 2225 859 2312 §tiplenssn'um
877 2233 906 2286 ti
923 2243 1028 2307 posses·
1081 2231 1325 2308 informationes,
1343 2251 1398 2296 seu
1412 2235 1599 2296 documenta
1608 2233 1688 2314 juris
1699 2233 1746 2294 sni
1756 2249 1852 2312 super

260 2322 369 2384 tortum
394 2319 808 2399 summotums‘ssspoocs
832 2317 1029 2380 sommossssi-
1081 2326 1290 2405 possessione,
1308 2327 1459 2389 extrfficio
1476 2327 1587 2398 sumit,
1606 2333 1636 2388 et
1650 2325 1764 2387 deinde
1782 2341 1852 2402 pro·

261 2433 362 2476 mum:
385 2411 472 2493 idque
497 2409 675 2474 erector.
704 2445 743 2456 -
770 2409 938 2472 Sciendum
966 2413 1025 2477 681.
1081 2418 1316 2492 nuntiatillum,
1332 2419 1384 2498 qui
1400 2426 1538 2498 tempore
1552 2419 1614 2481 litis
1628 2421 1719 2479 mote
1733 2417 1768 2478 in
1782 2435 1852 2496 pos

261 2507 344 2588 quod
371 2505 544 2568 communis
570 2504 733 2566 doctorum
764 2505 879 2584 duplex
913 2510 1029 2574 statuat
1082 2512 1231 2586 sessione,
1248 2528 1304 2573 seu
1319 2512 1422 2573 verius
1436 2513 1615 2575 detentione
1633 2514 1749 2584 luerat,
1771 2511 1852 2572 intc-

266 2599 449 2680 «judicium
472 2597 644 2662 retinende
669 2597 886 2677 possessionis,
902 2598 966 2660 sive
981 2597 1029 2676 (ut
1081 2605 1140 2666 rim
1161 2605 1321 2685 possidere
1345 2605 1476 2680 debere,
1503 2604 1603 2667 donec
1626 2623 1721 2666 causa
1744 2604 1800 2665 ille
1821 2604 1852 2662 in

255 2682 313 2756 'atti
328 2689 506 2771 loquuntur)
521 2690 636 2769 duplex
650 2691 878 2769 possessorium
891 2691 1030 2753 retinen·
1082 2700 1286 2780 possessorio,
1303 2697 1469 2776 ordinario,
1490 2699 1539 2760 vel
1560 2699 1703 2778 petitorio
1719 2695 1851 2777 judicio,

261 2787 321 2850 de.
337 2807 353 2844 ι
371 2787 472 2850 Unum
486 2784 597 2846 dieitur
611 2784 837 2856 (millinarium,
854 2802 910 2847 seu
923 2785 1028 2865 plena·
1082 2792 1220 2873 plenarie
1248 2791 1383 2854 linietur.
1406 2794 1452 2854 lta
1470 2791 1623 2869 judicium
1644 2789 1854 2852 summarissi-

253 2880 355 2955 rium,
371 2901 385 2937 o
404 2879 436 2940 in
451 2895 512 2956 quo
527 2876 671 2940 videlicet
685 2877 764 2955 juris
780 2877 888 2940 ordine
908 2885 1028 2940 servato
1083 2905 1169 2950 mum
1194 2885 1290 2965 (sive,
1316 2893 1351 2948 ut
1372 2885 1423 2946 alii
1447 2887 1636 2965 loquuntur,
1665 2905 1680 2942 a
1699 2883 1869 2963 judicium.

263 2972 456 3054 pt⁰0⁰dii¹¹ts
481 2988 519 3032 ³⁰
541 2969 753 3050 principaliter
775 2974 807 3033 ei
827 2969 968 3033 8118011118
990 2968 1029 3032 (10
1083 2979 1207 3042 inte'rlm
1220 2979 1270 3040 vel
1285 2981 1511 3058 possessorium
1532 2977 1851 3054 summarissimumu)

263 3063 458 3145 possessione
480 3063 615 3142 partium
644 3062 851 3144 decepturus:
886 3063 970 3126 unde
999 3069 1031 3126 st
1084 3070 1231 3134 describit
1244 3068 1425 3136 Menoetius
1445 3069 1505 3132 loc.
1529 3068 1851 3148 strategematica,

263 3159 354 3240 plena
370 3174 472 3219 cause
495 3156 628 3238 cognitio
648 3155 825 3231 adhibetur,
847 3175 922 3218 num
944 3163 1031 3219 ector
1085 3173 1116 3228 aa
1129 3183 1186 3244 pro
1204 3181 1238 3226 so
1260 3164 1419 3225 adducens
1440 3165 1559 3224 textum
1582 3160 1753 3223 notabilem
1775 3161 1807 3222 in
1829 3161 1849 3222 l.

263 3268 342 3323 rem,
358 3250 474 3327 deque
492 3250 740 3319 controvertitur,
760 3267 836 3310 vere
859 3249 1029 3329 possideat,
1084 3255 1209 3318 Liberis.
1226 3255 1311 3334 §fin
1328 3256 1361 3316 tl.
1378 3254 1415 3316 de
1428 3253 1560 3316 Liberali
1570 3272 1668 3314 occsa.

265 3349 297 3407 et
309 3342 436 3423 quidem
456 3360 519 3402 non
540 3340 580 3418 ai,
603 3359 661 3402 nec
681 3341 773 3418 clam,
796 3361 855 3405 nec
877 3343 1028 3422 precario,
1126 3332 1194 3410 lrs.
1211 3345 1360 3408 Sententia
1375 3347 1406 3408 in
1418 3346 1646 3408 summcrissimo
1654 3345 1851 3427 judicicium,

265 3457 330 3518 arg.
354 3437 374 3498 l.
399 3439 422 3498 1.
445 3437 477 3500 u.
508 3435 562 3499 Uti
578 3435 737 3517 possidetis.
750 3455 764 3514 ‚·
784 3437 960 3498 Fachineus
978 3437 1029 3498 cit.
1085 3449 1128 3502 est
1145 3438 1236 3500 scium
1256 3439 1490 3511 interlocutorio,
1516 3457 1574 3500 son
1595 3437 1770 3520 difficic‘ce.
1793 3439 1854 3502 Nec

264 3530 318 3594 lib.
334 3530 395 3592 Vll.
411 3547 481 3606 cap.
496 3547 546 3592 xv.
562 3529 667 3590 Gallus
680 3529 733 3591 lib.
751 3531 773 3591 l.
786 3529 915 3592 Proseis.
927 3530 1032 3614 obser·
1085 3534 1172 3614 offert
1183 3541 1366 3613 perpetuum,
1382 3533 1432 3594 sed
1451 3531 1592 3594 modicum
1614 3532 1762 3595 duntaxat
1777 3551 1854 3614 pre·

265 3625 327 3684 rat.
343 3624 373 3683 Ἰ.
389 3640 420 3682 n.
435 3625 454 3682 2
469 3624 501 3682 et
518 3625 548 3682 l.
565 3621 622 3684 Ubi
641 3637 712 3682 cum
737 3621 805 3682 aliis
824 3626 922 3696 notat,
948 3621 1030 3701 quod
1082 3624 1238 3704 judiciem.
1257 3623 1346 3684 Setos
1358 3622 1511 3686 discordum
1528 3622 1565 3685 dc
1582 3624 1722 3685 scntmtio
1745 3623 1805 3685 iere
1825 3625 1855 3684 in

265 3716 419 3780 sententia
433 3715 464 3775 in
478 3715 538 3775 boc
548 3714 666 3794 judicio
680 3715 753 3789 lata,
773 3733 836 3777 non
859 3716 900 3780 sit
919 3716 1032 3777 modici
1085 3717 1255 3801 possessorio
1281 3715 1442 3781 ordinario.
1466 3749 1506 3764 -·
1528 3719 1624 3779 Porro
1647 3718 1802 3779 sententia
1824 3718 1855 3776 in

265 3809 446 3892 praejudicii,
463 3808 535 3888 quia
550 3817 597 3871 est
610 3808 787 3872 diffinitiva:
814 3827 916 3890 nequo
940 3810 1032 3872 aliam
1086 3812 1145 3873 hcc
1156 3809 1274 3890 judicio
1288 3809 1535 3872 summarissimo
1556 3810 1621 3870 late
1642 3809 1728 3871 inter-
1744 3809 1857 3889 princi·

267 3911 338 3983 post
360 3921 394 3965 se
416 3919 511 3980 super
529 3902 721 3983 possessorio
745 3907 889 3982 expectet
911 3909 1033 3966 senten·
1085 3906 1172 3986 pium
1187 3910 1217 3965 et
1231 3905 1326 3966 tinem
1340 3904 1437 3984 ipsius
1451 3922 1553 3966 cause
1569 3902 1776 3985 possessorii,
1793 3921 1854 3964 non

266 4000 352 4075 dem,
369 3998 427 4060 nisi
441 3996 755 4077 fueritappellatum3
778 3997 911 4076 ideoque
926 3997 1031 4076 magni
1086 4013 1160 4058 vero
1180 3995 1349 4058 diffinitiva.
1372 3996 1556 4058 Menocbius
1575 3995 1627 4058 cit.
1653 3995 1774 4056 remed.
1799 3995 1854 4056 ult.

268 4090 416 4154 momenti
432 4096 490 4162 cst,
507 4089 595 4167 juxto
617 4093 737 4152 textum
757 4090 787 4149 in
809 4091 828 4170 ξ
850 4087 1029 4152 Retiuesde.
1086 4109 1117 4152 n.
1134 4093 1192 4162 se
1210 4089 1413 4152 Covarruvias
1429 4087 1528 4148 Proct.
1550 4093 1660 4167 quest.
1684 4104 1754 4166 cop.
1781 4103 1854 4148 xrrr.

267 4183 363 4245 instit.
388 4181 424 4244 de
446 4180 595 4244 Interdict.
618 4187 649 4244 et
669 4182 727 4242 boc
748 4181 783 4242 fit
804 4188 931 4263 propter
953 4182 1033 4243 mul·
1088 4201 1120 4243 n.
1135 4186 1174 4257 ις
1191 4181 1298 4244 Gallus
1311 4180 1342 4243 d.
1358 4180 1411 4243 lib.
1432 4184 1456 4242 l.
1482 4181 1636 4244 observat.
1660 4186 1691 4244 i.
1706 4199 1747 4252 ιι.
1772 4185 1803 4243 6.
1827 4186 1858 4242 et

268 4274 383 4355 tiplioie
421 4275 585 4338 commoda
621 4274 851 4353 possessionis,
891 4273 1033 4352 superius
1087 4275 1150 4338 alii.
1166 4275 1325 4354 Simulque
1336 4273 1492 4336 sententie
1501 4274 1533 4334 iu
1545 4274 1612 4353 ipso
1621 4275 1684 4335 lats
1694 4291 1757 4334 non
1767 4273 1858 4336 effert

267 4367 313 4430 tit.
342 4369 405 4429 Xll.
434 4367 468 4430 de
495 4366 592 4430 Cosso
617 4366 799 4450 paeessiocis
832 4367 1032 4449 proprietatis.
1088 4372 1285 4450 perpetuum,
1302 4365 1358 4425 sed
1373 4363 1531 4426 modicum
1545 4364 1696 4426 duntaxat
1709 4364 1856 4444 prejudi-

268 4461 328 4540 ξι.
350 4478 380 4522 n.
402 4463 451 4522 se.
474 4467 505 4522 et
523 4478 610 4541 seqq.
633 4479 672 4524 ex
690 4460 830 4541 professo
847 4463 913 4542 iam
930 4461 1035 4524 decla·
1088 4459 1190 4532 cium;
1207 4476 1245 4520 eo
1260 4457 1344 4536 quod
1358 4457 1477 4520 leretur
1488 4458 1530 4520 ad
1549 4457 1673 4520 interim
1694 4457 1805 4532 solam,
1829 4465 1860 4519 et

269 4559 346 4616 reta.
1089 4550 1256 4628 salvojure
1271 4550 1459 4630 litigantium
1474 4550 1505 4610 in
1524 4550 1719 4630 posessione,
1739 4557 1772 4610 et
1791 4569 1861 4629 pro·

307 4646 448 4708 Alterum
461 4652 589 4707 vocatur
614 4667 628 4703 o
649 4645 880 4708 Possessorium
900 4663 1036 4706 summa·
1089 4647 1230 4725 prietate.
1247 4643 1324 4704 Lud.
1340 4643 1463 4704 Postius
1477 4640 1744 4706 demonstrando.
1756 4643 1861 4703 obser.

269 4738 362 4810 mum,
377 4758 393 4796 u
410 4755 466 4800 seu
486 4738 590 4815 potius
612 4758 627 4795 o
649 4737 940 4811 summerissimum,
963 4759 978 4797 n
1003 4738 1036 4798 in
1090 4747 1153 4802 vat.
1168 4743 1197 4802 2.
1214 4756 1247 4800 n.
1261 4741 1312 4801 32.
1329 4743 1361 4800 et
1374 4737 1439 4799 alii.
1452 4735 1862 4816 Acproindeprejudicium

271 4849 333 4913 quo
344 4832 441 4912 judex
456 4830 633 4892 summatim
648 4833 817 4910 cognoscit,
839 4830 984 4910 quisnam
998 4848 1037 4892 ex
1090 4832 1165 4895 illud
1180 4835 1227 4894 est
1241 4829 1414 4911 reparabile
1433 4834 1498 4892 tem
1518 4829 1550 4890 in
1569 4829 1763 4909 possessorio
1783 4828 1863 4888 ordi-

270 4924 476 5007 litigatoribus
497 4929 637 5002 tempore
661 4929 753 4986 mute
776 4923 838 4986 litis
861 4909 1036 5003 possideat,
1092 4925 1190 4998 nario,
1220 4942 1316 5003 quam
1343 4923 1376 4982 in
1404 4921 1576 5002 petitorio:
1606 4939 1668 5000 que
1695 4921 1736 4982 de
1766 4939 1864 4982 causa

255 5019 378 5098 sicque
391 5019 422 5080 in
437 5037 493 5080 sua
508 5016 705 5097 possessione
719 5018 971 5080 manutenendae
986 5017 1035 5092 sit,
1092 5019 1188 5082 etiem
1200 5017 1375 5096 appellatus
1394 5037 1408 5072 ι
1428 5015 1685 5077 Momentaneum
1706 5031 1865 5092 possesso-

271 5113 363 5176 solvis
390 5109 580 5190 ceteroquin
604 5109 728 5190 Juribus
757 5110 892 5189 partium
919 5118 983 5174 tam
1006 5112 1036 5172 in
1092 5113 1184 5174 rium.
1209 5133 1225 5170 ι
1251 5109 1356 5188 Gallus
1378 5108 1429 5170 cit.
1456 5108 1613 5170 observat.
1637 5111 1667 5168 Ἰ.
1692 5125 1724 5168 n.
1748 5111 1768 5169 5
1788 5112 1863 5170 atti.

180 5198 184 5212 ¹
270 5206 477 5286 possessione,
494 5221 589 5284 quam
604 5203 635 5264 in
655 5203 854 5282 proprietate,
877 5202 978 5268 donec
998 5204 1038 5266 de
1093 5207 1289 5284 Quamquam
1300 5205 1398 5284 judex
1410 5203 1528 5265 doram
1542 5201 1865 5264 sententiaminterlo

272 5299 321 5360 his
335 5300 366 5360 in
380 5298 570 5378 possessorio
586 5296 752 5368 ordinario,
768 5296 818 5357 vel
832 5296 976 5376 petitorio
987 5298 1041 5376 ju·
1093 5298 1245 5362 cutoriam
1260 5303 1347 5360 extra
1360 5297 1588 5377 possessorium
1599 5295 1806 5374 ordinarium,
1817 5296 1866 5358 vel

273 5393 374 5470 dicio,
402 5393 541 5480 plenarie
564 5397 781 5476 cognoscetur.
806 5395 907 5471 Atque
930 5391 1039 5471 buius·
1094 5392 1285 5472 petitorium,
1301 5390 1434 5470 amplius
1449 5408 1596 5454 revocare
1609 5406 1672 5450 non
1686 5388 1863 5468 possit;.eo
