4026 6054
361 299 380 380 5
399 301 421 362 1.
443 293 741 362 occultantem
761 289 1042 364 Mtfflmotttltt
1062 299 1323 380 ctaulcoautt,
1343 304 1428 369 aaa.
1629 309 1687 371 aaa

111 438 162 499 tm
174 439 262 496 cotra
273 440 423 496 atraere
438 433 491 496 uti.
515 463 556 480 -·
577 431 679 494 ilices.
700 431 808 494 Clerici
822 447 871 494 ec-
922 439 981 510 ter,
998 433 1051 514 qni
1063 436 1295 498 matrimonium
1309 437 1404 520 eligit,
1415 437 1580 514 contrahit,
1595 437 1690 502 bene-

110 532 204 594 clena
231 525 408 605 orientalis,
445 525 510 588 sire
546 527 646 589 Greci
672 529 869 604 sacerdotes,
923 527 994 591 licio
1007 528 1113 606 tacite,
1127 533 1220 611 atque
1234 533 1301 612 ipsc
1315 532 1398 596 lacto
1420 533 1600 596 renuntiare
1617 551 1691 596 oen-

111 627 144 688 de
154 625 235 687 tacto
250 623 360 686 vivunt
373 623 505 694 uxorati,
516 637 578 684 nou
589 623 782 688 obstantibus
795 641 871 706 prta·
924 627 1018 686 setar.

110 720 205 782 missis
217 717 336 792 causis3
352 735 429 798 ergo
452 717 545 780 allata
571 719 728 782 conclusio
748 739 812 784 uon
825 721 872 783 ri-
965 719 1013 780 l0.
1036 717 1110 780 Plus
1122 725 1163 779 est
1176 717 1264 800 [ocul
1277 717 1586 805 demorutrcre,qnom
1598 723 1691 786 υιιὸἰι

110 814 195 876 detur
220 811 401 874 subsistere.
429 814 522 893 llesp.
557 830 630 893 neg.
665 817 868 896 consequent.
924 811 1027 875 dicere.
1043 813 1159 875 -Nec
1172 812 1286 888 obstut,
1302 815 1386 894 quod
1407 817 1573 896 resignatio
1594 817 1691 881 bene-

110 907 181 980 Qnia
194 921 297 985 usqne
311 906 423 990 Grecis
436 907 470 968 iu
483 923 570 969 sacro
579 907 686 972 ordine
700 908 872 972 constitutis
925 905 986 970 licii
997 907 1194 970 ecclesiastici
1206 923 1269 968 non
1276 909 1386 982 vatem,
1398 909 1458 972 uisi
1466 911 1691 977 interveniente

110 1017 242 1079 uuquam
255 999 351 1077 licuit,
365 1005 419 1064 eut
432 999 471 1062 de
490 999 572 1064 facto
585 1002 659 1066 licet
672 1021 801 1066 uxorem
814 1005 872 1067 du·
926 1003 1108 1065 auctoritate
1136 991 1294 1077 ordinarii,
1329 1003 1423 1065 talem
1450 1005 1691 1086 resignationem

110 1113 187 1170 cera,
216 1111 285 1157 cen.
310 1092 353 1157 'Si
374 1094 439 1178 qais
465 1112 574 1159 eornm.
604 1095 675 1160 dist.
701 1101 749 1160 32.
763 1097 873 1178 juncta
926 1095 1126 1174 acceptantis,
1142 1111 1211 1156 can.
1228 1093 1268 1158 Si
1278 1095 1332 1176 qut
1344 1115 1420 1158 uero.
1438 1105 1552 1161 etcau.
1574 1099 1692 1184 Siquis

110 1187 364 1253 Glossann.ibid.
376 1185 672 1250 sedsolnmeisdem
685 1190 873 1270 permissum
925 1187 1087 1270 presbyter,
1117 1205 1144 1250 c.
1164 1205 1215 1250 vn.
1240 1205 1271 1267 q.
1288 1191 1317 1251 l.
1344 1195 1374 1252 et
1388 1208 1416 1251 c.
1439 1189 1596 1256 Admonet.
1611 1199 1641 1256 1.
1658 1191 1693 1256 de

110 1288 162 1350 eat.
177 1295 286 1353 uxore,
302 1297 397 1358 quem
410 1279 562 1360 virginem
580 1279 613 1341 iu
638 1282 805 1346 Ordinibus
818 1286 872 1347 mi·
927 1279 1095 1344 denuntiet.
1112 1297 1184 1341 cum
1198 1279 1361 1344 similibus.
1376 1283 1469 1362 Resp.
1481 1284 1693 1364 enim,hujus-

110 1374 235 1437 nuribus
248 1373 405 1435 constituti
420 1373 586 1448 duxerunt,
607 1381 715 1454 postca
730 1377 763 1439 in
776 1378 872 1456 majo-
926 1372 1009 1434 modi
1039 1389 1177 1435 canones
1204 1375 1375 1453 procedere
1403 1375 1442 1438 dc
1462 1380 1692 1442 renuntiatione

109 1468 194 1531 ribus
207 1466 309 1529 adhuc
323 1465 378 1540 uti,
395 1481 464 1528 cau.
480 1465 611 1529 Nicdno.
630 1467 700 1530 dist.
725 1471 774 1533 31,
797 1478 829 1536 et
842 1491 870 1534 e.
926 1483 1084 1546 expressa,
1099 1483 1169 1544 quae
1183 1465 1223 1528 sit
1235 1485 1291 1545 per
1305 1466 1411 1544 verba,
1422 1469 1472 1531 vel
1486 1471 1691 1551 scripturam:

110 1562 180 1626 Cum
194 1560 273 1623 olim.
290 1563 320 1622 6.
335 1559 369 1622 b.
385 1563 408 1620 t.
424 1559 483 1622 Ubi
496 1559 648 1638 Pontifex,
670 1563 765 1642 hujus
778 1565 872 1628 retio-
926 1577 1015 1621 sccns
1029 1559 1196 1621 dicendum
1206 1558 1245 1620 de
1259 1561 1489 1625 renuntiatione
1503 1566 1609 1640 tacita,
1620 1583 1692 1646 qnoe

109 1671 177 1716 nem
201 1650 354 1724 reddens,
376 1650 420 1711 sio
446 1651 608 1730 loquitur:
639 1671 655 1711 u
688 1655 751 1716 Nos
780 1657 873 1738 igitur
927 1653 966 1715 sit
978 1670 1036 1732 per
1048 1652 1129 1715 lacta
1144 1653 1206 1726 illa,
1223 1651 1335 1732 quibus
1350 1656 1457 1734 positis
1468 1657 1548 1737 juris
1562 1659 1601 1720 de
1617 1676 1694 1720 con-

109 1745 313 1821 atteudentes,
334 1742 419 1823 qnod
442 1744 602 1807 orientalis
622 1746 753 1810 ecclesia
765 1753 873 1812 votum
927 1747 1084 1811 stitutione
1102 1745 1291 1810 beneficium
1311 1748 1472 1824 amittitur,
1494 1767 1551 1812 seu
1568 1751 1694 1814 retineri

109 1839 303 1908 coutinentia
325 1855 390 1900 nun
411 1838 562 1902 admisit:
594 1842 743 1921 quoniam
766 1845 874 1907 Orien-
927 1841 1150 1922 nequit'Nem,
1166 1845 1201 1900 ut
1215 1857 1242 1900 c.
1259 1839 1376 1903 Dilecti.
1392 1845 1442 1904 52.
1453 1841 1692 1926 delppettottor.

109 1937 184 1999 tales
197 1933 230 1996 in
249 1931 422 1994 minoribus
445 1932 607 1996 ordinibus
626 1937 825 2016 contrahunt,
841 1941 874 2002 et
927 1935 1060 1997 dicitur:
1077 1933 1317 1998 ol'lusestlecto
1327 1953 1495 2015 provocare
1511 1939 1695 2020 (resignare)

110 2030 139 2091 in
177 2025 390 2107 superioribus
425 2031 555 2090 utuntur
583 2031 782 2093 matrimonio
806 2033 872 2111 jam
927 2027 1145 2106 quamverbo.
1164 2047 1179 2085 o
1204 2025 1285 2104 Sive,
1310 2030 1345 2090 ut
1366 2029 1473 2090 Glossa
1487 2049 1541 2092 uu.
1557 2029 1632 2094 ibid.
1647 2033 1695 2094 lo-

110 2123 277 2194 coutracto,
293 2137 309 2177 r
326 2123 385 2181 etc.
401 2119 562 2192 Quomodo
577 2127 682 2184 eutem
696 2124 874 2188 secerdotes
928 2121 1043 2202 quitur,
1063 2138 1078 2177 t
1091 2117 1165 2181 Plus
1179 2123 1226 2183 est
1238 2117 1328 2183 factis
1337 2115 1556 2186 'demonstrare
1569 2172 1577 2201 ,
1600 2144 1696 2206 quem

110 2213 204 2277 Greci
231 2217 428 2293 precaveret
454 2217 633 2276 memoratis
654 2216 875 2279 inconvenien-
928 2213 1030 2278 verbis
1057 2213 1172 2276 dicere.
1196 2231 1212 2271 r
1235 2213 1275 2276 llt
1296 2213 1368 2276 hinc
1391 2216 1423 2276 iu
1447 2217 1549 2293 simili,
1565 2218 1696 2282 clericus

110 2309 166 2384 tiis,
184 2323 248 2368 uon
275 2307 323 2368 est
347 2305 442 2383 hujus
464 2305 523 2368 loci
537 2307 724 2390 investigare
740 2329 748 2370 :
765 2311 875 2373 saltem
928 2327 985 2389 per
1011 2325 1129 2369 anuum
1156 2323 1305 2368 exercens
1333 2315 1431 2372 artem
1457 2311 1697 2388 ignominiosam

109 2419 169 2464 uon
192 2399 320 2462 suntin
338 2402 426 2460 tauta
448 2401 663 2480 estimatione,
680 2405 876 2482 stqnereve·
928 2401 1124 2478 histrionum,
1140 2400 1207 2480 ipso
1219 2401 1289 2480 jare
1310 2404 1411 2482 perdit
1430 2405 1623 2490 privilegium
1638 2409 1698 2470 cle·

108 2495 207 2558 rantis
220 2507 327 2554 coram
340 2491 467 2570 populo,
483 2498 633 2570 quntum
647 2493 876 2560 haberesoleut
928 2493 1033 2566 ricula,
1049 2509 1118 2570 cap.
1135 2511 1188 2552 uu.
1218 2491 1253 2555 de
1277 2493 1341 2556 Vita
1364 2505 1391 2558 et
1410 2496 1548 2563 truslot.
1565 2499 1696 2562 clericor.

108 2587 285 2651 sacerdotes
307 2583 417 2659 Latini,
443 2589 537 2665 atque
559 2585 591 2646 in
611 2593 764 2666 perpetua
777 2591 877 2653 conti-
928 2589 961 2650 in
983 2590 1014 2649 a.
1043 2585 1185 2667 quamvis
1209 2588 1280 2648 huic
1302 2589 1406 2666 verbis
1434 2591 1613 2656 renuntiare
1636 2611 1700 2653 non

107 2683 212 2746 nenda
226 2680 377 2742 viventes.
394 2677 625 2756 (ADNO'l’ATlO
638 2679 729 2760 ΧΗ.)
929 2680 1037 2762 possit,
1054 2697 1082 2741 c.
1098 2679 1137 2742 Si
1148 2677 1295 2762 diligenti.
1312 2685 1361 2745 12.
1377 2682 1414 2746 de
1427 2683 1504 2746 Foro
1522 2693 1696 2767 competeret.

145 2777 175 2840 9.
200 2773 313 2840 Clerici
318 2775 351 2836 iu
360 2771 878 2838 ordiuilrrsmirtoridasccutroltertdo
930 2773 1018 2836 Unde
1033 2773 1140 2834 Glossa
1155 2789 1224 2850 cap.
1241 2773 1295 2835 uit.
1313 2778 1344 2854 t.
1363 2773 1438 2838 Cam
1460 2777 1550 2858 forto.
1575 2779 1610 2841 de
1632 2779 1698 2842 Vita

106 2869 344 2948 matrimonioru,
381 2874 444 2950 ipso
460 2867 540 2950 sacto
559 2866 688 2949 perdam
711 2868 877 2951 beneficiam
905 2923 907 2934 ,
931 2873 959 2930 et
970 2866 1110 2930 honestet.
1125 2865 1221 2945 cleric,
1237 2873 1320 2929 recte
1334 2874 1432 2948 notet,
1448 2871 1543 2950 quod,
1559 2874 1700 2952 quamvis

105 2964 316 3048 probabimur.
345 2993 386 3010 -·
412 2962 566 3035 Quaeritur
591 2964 628 3025 ll.
652 2965 761 3028 Utrum
774 2964 877 3027 clerici
932 2961 1062 3024 clericus
1080 2977 1144 3021 nou
1167 2961 1265 3042 possit
1286 2963 1382 3025 verbo
1402 2965 1581 3030 renuntiare
1606 2966 1702 3048 privi-

106 3057 326 3124 contrahendo
338 3055 572 3119 matrimonium
581 3056 713 3136 perdant
726 3058 879 3120 beneficia
932 3057 1015 3136 leg'o
1035 3054 1179 3130 clericali,
1203 3055 1300 3136 possit
1322 3059 1426 3120 hmen
1455 3059 1558 3122 eidem
1584 3078 1701 3123 renun-

106 3157 192 3235 prins
204 3152 332 3226 habitan
349 3156 380 3214 et
394 3152 576 3231 quomodot
589 3153 681 3232 ltesp.
698 3155 721 3216 l.
738 3151 769 3215 Si
784 3154 877 3216 cleri·
932 3150 1011 3212 tiara
1033 3147 1134 3222 lacto,
1157 3149 1312 3227 quatenus
1333 3167 1368 3212 se
1395 3150 1499 3214 reddit
1524 3153 1592 3234 ipso
1620 3153 1702 3216 indi·

105 3265 160 3310 cns
179 3247 214 3306 iu
238 3242 405 3306 Ordinibus
422 3243 595 3306 minoribus
609 3245 794 3308 constitutus
808 3262 880 3306 con·
933 3259 1043 3324 guum.
1085 3273 1088 3278 ·

106 3337 212 3401 trahat
225 3333 469 3414 matrimonium,
485 3336 554 3415 ipso
567 3333 651 3400 lacto
664 3337 766 3417 perdit
786 3337 880 3400 bene·
976 3338 1027 3398 ll.
1050 3331 1198 3412 Ortomodu
1211 3333 1478 3416 hujusmodicleriei
1484 3337 1623 3403 dueatur
1634 3341 1700 3423 pri-

103 3431 214 3493 licinm
229 3427 449 3509 prehabitum,
466 3429 560 3492 etiam
575 3436 647 3493 ante
661 3431 754 3492 aliam
766 3431 880 3512 judicis
933 3428 1026 3492 occdi
1037 3427 1096 3490 suis
1110 3426 1274 3508 lenefiu'isl
1287 3459 1326 3476 ·-
1348 3431 1450 3493 Dices.
1473 3435 1508 3493 ln
1522 3451 1549 3496 c.
1568 3433 1651 3510 Quod
1663 3433 1705 3498 od

105 3521 316 3586 seutentiam:
333 3519 424 3598 adea
435 3525 471 3584 ut
484 3523 587 3585 statim
602 3541 620 3586 a
633 3527 792 3588 momento
806 3543 880 3588 con·
935 3530 972 3587 tr.
988 3523 1018 3584 3.
1043 3529 1083 3583 et.
1100 3539 1128 3582 c.
1144 3520 1285 3582 Drbersis.
1300 3525 1331 3584 a.
1348 3524 1379 3585 h.
1395 3531 1418 3587 t.
1434 3525 1557 3601 dicitur,
1573 3527 1702 3590 clericos

105 3613 344 3684 uactusralida
360 3609 441 3691 initi,
465 3616 562 3696 possit
582 3617 771 3682 beneficiam
793 3619 880 3682 alteri
934 3617 1165 3678 matrimonium
1188 3617 1418 3696 contrahentes,
1441 3637 1509 3682 esse
1534 3622 1701 3700 privandos

105 3707 258 3773 conferri.
272 3710 319 3770 lta
333 3706 441 3770 Glossa
454 3727 523 3788 cop.
540 3725 563 3770 1.
582 3710 832 3794 tlielirrqaeredo,
850 3719 882 3775 ct
936 3707 1151 3772 ecclesiasticis
1172 3707 1349 3785 beneficiio
1376 3729 1451 3792 ergo
1471 3731 1535 3775 uon
1550 3721 1621 3777 suut
1634 3716 1702 3794 ipso

104 3803 214 3866 Abbas
228 3799 303 3862 ibid.
318 3803 399 3862 nu.
415 3807 446 3862 ct
460 3801 598 3864 Barbose
612 3821 643 3864 n.
660 3806 690 3866 2.
706 3804 739 3866 h.
765 3810 800 3878 t.;
826 3807 881 3867 Ga·
933 3805 1004 3886 jure
1018 3802 1138 3884 privati,
1161 3801 1217 3862 sed
1240 3819 1319 3882 opus
1341 3809 1388 3865 est
1411 3808 1563 3870 sententia
1573 3808 1700 3888 judicis.

103 3893 274 3958 rarrnrias
287 3891 323 3954 da
335 3889 507 3954 Matrimco.
523 3899 603 3974 part.
620 3897 656 3957 ll.
672 3911 742 3976 cap.
759 3913 800 3960 u.
815 3897 833 3976 ς
847 3899 878 3959 3.
936 3901 1028 3978 Resp.
1044 3912 1116 3975 neg.
1133 3896 1427 3973 consequentum
1442 3898 1619 3978 hujusmodi
1630 3902 1704 3981 jura

103 4007 137 4050 u.
153 3991 192 4062 ὃς
208 3987 365 4048 Navarros
382 4001 451 4065 cap.
481 4003 548 4050 xxv.
577 3987 711 4052 Maneat.
741 4009 773 4052 n.
804 3993 878 4064 ram
933 3991 1106 4070 loquamur
1136 3987 1174 4048 de
1211 3988 1382 4068 privatione
1410 3994 1638 4070 possessionis,
1667 4015 1716 4060 ac·

102 4077 254 4160 Angelus
280 4075 311 4136 iu
338 4074 472 4139 Sammo.
503 4080 536 4155 t.
566 4077 705 4142 Clericus.
734 4084 765 4144 5.
794 4099 827 4142 u.
844 4083 877 4156 l;
935 4084 1092 4146 fructuum
1122 4079 1286 4157 heuelicii,
1311 4082 1452 4146 iacienda
1474 4105 1531 4166 per
1551 4089 1703 4151 actualem

101 4169 263 4234 Gonzaleu
284 4171 325 4232 ad
345 4187 413 4252 reg.
433 4174 465 4236 8.
489 4171 652 4238 emtor.
670 4174 766 4255 gloss.
783 4175 831 4238 15.
847 4193 880 4238 n.
937 4175 1160 4257 expulsionem,
1185 4191 1258 4236 casu
1280 4191 1344 4254 quo
1367 4176 1497 4240 clericus
1520 4181 1705 4261 conjugatus

99 4267 155 4327 13.
174 4269 210 4326 ct
224 4266 284 4337 Δις
300 4263 427 4325 Garoias
440 4271 520 4342 part.
536 4267 571 4328 lI.
588 4263 881 4347 deumessetopsp.
937 4268 1088 4331 violenter
1110 4281 1164 4326 eos
1186 4265 1323 4328 retinere
1343 4268 1459 4330 vellet:
1481 4287 1545 4331 non
1566 4290 1640 4333 raro
1664 4270 1703 4333 de

101 4374 170 4420 vnr.
188 4371 224 4416 n.
242 4359 270 4417 t.
286 4355 426 4437 allegans
438 4358 572 4434 Rotam,
594 4359 694 4423 decis.
718 4363 747 4424 1.
764 4361 796 4422 h.
812 4363 835 4423 t.
852 4359 885 4422 io
937 4359 1107 4442 privatione
1118 4357 1208 4437 juris,
1220 4357 1358 4432 actitati,
1370 4362 1705 4440 quemctcricueautaa

99 4449 203 4512 ocum.
221 4449 362 4511 Seucbez
374 4450 428 4513 lib.
444 4452 507 4514 Vll.
528 4450 566 4514 de
586 4453 718 4514 metim.
735 4451 814 4534 disp.
830 4457 880 4516 12.
937 4451 1101 4524 habuerat,
1126 4449 1182 4510 sed
1204 4467 1260 4529 per
1282 4455 1478 4516 contractum
1493 4455 1706 4518 matrimonia·

99 4560 136 4606 n.
154 4547 188 4605 4.
217 4541 317 4602 citans
339 4541 489 4620 plurimos
511 4543 601 4622 alios,
618 4547 713 4625 atque
726 4563 880 4620 assereus,
937 4547 999 4607 lem
1024 4544 1091 4625 ipsc
1114 4541 1196 4604 iacto
1217 4542 1283 4622 jam
1303 4546 1461 4610 amiserat.
1485 4549 1524 4610 Et
1546 4549 1628 4610 istud
1646 4557 1704 4626 est,

99 4635 195 4700 istud
204 4649 277 4696 esse
290 4631 668 4716 certissimum,ccnclosio
679 4638 884 4700 baedesumi·
937 4639 1022 4720 quod
1035 4636 1132 4700 voluit
1145 4637 1252 4703 utosso
1266 4655 1336 4718 cap.
1351 4655 1374 4700 1.
1391 4644 1423 4720 t.
1439 4641 1651 4726 Relinquenda.
1670 4645 1703 4706 h.

98 4736 154 4792 tur
170 4745 213 4789 ex
228 4743 298 4807 cap.
321 4743 344 4789 1.
370 4727 402 4790 b.
427 4730 452 4790 t.
473 4728 526 4790 ubi
548 4728 697 4792 clerioiiu
711 4729 884 4792 minoribus
937 4739 961 4796 t.
990 4731 1115 4804 diceus,
1144 4729 1228 4808 quod
1254 4731 1433 4811 hujusmodi
1460 4737 1611 4815 privatio,
1641 4736 1705 4798 sive

98 4819 333 4886 connsheutes
346 4822 598 4899 matrimonium,
620 4823 811 4886 districtione
834 4843 885 4887 eo-
938 4823 1108 4904 compulsio
1129 4822 1312 4885 clericorum
1335 4831 1573 4907 conjugatorum
1594 4829 1633 4890 ad
1657 4846 1707 4890 re-

97 4914 284 4980 clesiastioa
310 4917 539 4995 compelluntur
570 4937 586 4977 o
615 4917 656 4977 ad
678 4917 885 4996 relinquenda
938 4917 1107 4999 linquenda
1120 4915 1272 4980 beneficia
1285 4919 1473 4999 praehabita,
1491 4925 1707 5002 retorqueatur

95 5007 264 5074 beneficia
287 5008 511 5073 ecclesiastica.
540 5031 556 5069 r
587 5009 683 5082 Quasi
703 5008 882 5085 diceretur:
938 5011 1042 5092 quoad
1068 5010 1185 5073 lactum
1214 5010 1331 5085 solum,
1361 5013 1425 5075 sire
1452 5015 1704 5096 possessiouem:

97 5105 180 5185 quia
211 5099 364 5164 beneficia
390 5101 458 5182 ipso
476 5103 547 5183 jure
565 5103 884 5184 jamvacantmcritc
938 5105 1012 5186 quia
1026 5121 1138 5167 vacare
1153 5104 1367 5187 intelliguntur
1379 5108 1448 5187 ipso
1457 5109 1539 5187 jure.
1761 5143 1765 5152 ν
1817 5181 1821 5186 ,

95 5195 384 5278 cogunturclerici
398 5195 439 5258 ad
453 5198 565 5259 eadem
580 5197 797 5276 relinquenda.
826 5199 885 5260 Ac-
979 5201 1026 5262 19.
1051 5196 1184 5260 Solvitur
1209 5199 1272 5260 otia
1299 5201 1449 5262 instando.
1482 5231 1523 5246 -·
1562 5201 1705 5283 Urgebis.

95 5287 883 5382 mditnuofquiaueueneium,rememorantem,
938 5289 1043 5353 Peeua
1071 5295 1232 5353 externam
1250 5294 1463 5355 executionem
1489 5291 1704 5373 requirentes,

94 5382 235 5462 dejure
249 5386 322 5442 snut
338 5379 402 5443 duc
423 5381 685 5462 incompatibilia,
703 5399 773 5466 cap.
789 5401 837 5446 ιιι.
852 5387 886 5446 at
939 5401 1002 5447 non
1016 5383 1154 5464 obligant
1177 5383 1209 5446 iu
1231 5386 1420 5449 conscientia
1432 5393 1505 5449 anta
1520 5388 1706 5452 sententiam

96 5483 131 5541 et
145 5491 182 5538 v.
202 5473 237 5538 h.
253 5477 276 5537 t.
298 5491 371 5537 cnm
385 5477 628 5554 concordandis,
644 5483 676 5540 et
690 5495 885 5560 consequen·
935 5477 1060 5559 judicis,
1076 5494 1144 5559 erg.
1159 5495 1187 5541 o.
1200 5477 1445 5544 Cumrmrdom.
1457 5483 1506 5545 te.
1516 5480 1703 5550 delloeretic.
