4080 6064
291 326 331 386 '12
453 323 523 384 Llll.
550 325 586 385 ll.
609 321 817 385 DECRETAL.
839 322 911 384 ΤιΤ.
934 323 1010 384 ΧΧΙ.
1032 321 1283 388 nepessinus
1304 323 1507 400 COGENDIS,
1534 326 1608 388 vot.
1628 323 1717 390 NON.

294 457 431 537 teduini,
447 475 516 538 cap.
531 473 562 518 ι.
577 477 610 518 ιι.
636 460 670 530 t;
696 455 875 519 bannerius
896 453 931 518 de
956 455 1059 520 resno.
1115 455 1443 540 perdthocintelligit,
1457 445 1884 544 ‹inprincipiozprlmoenim

297 559 408 634 qorest.
422 559 471 618 78.
486 571 518 616 n.
533 558 584 616 57.
601 551 701 614 nitens
715 549 801 614 alios.
1117 556 1191 616 sunt
1211 553 1371 627 monendi,
1396 560 1428 615 et
1449 557 1558 633 postea
1580 553 1723 636 eogendi,
1746 575 1762 614 r
1784 555 1888 635 inquit

336 656 365 714 l.
390 649 526 732 Officium
546 647 659 720 letitiam
676 655 718 709 eet
729 647 888 728 publicum,
912 645 958 708 oct
980 651 1066 729 qumi
1117 654 1238 718 (blaesa.
1253 653 1315 713 Nea
1328 647 1495 720 immerito,
1511 647 1584 726 quia
1598 665 1662 710 nan
1676 647 1779 711 statim
1791 643 1887 712 nebat

295 748 453 832 publicum.
478 775 518 790 -
541 741 669 805 Accedit
690 742 769 805 ratio
793 761 801 802 ε
827 741 900 820 quia
928 741 1064 804 officium
1119 749 1213 831 judex
1227 745 1392 807 fulminare
1406 742 1576 804 minitando
1591 745 1887 806 excommunicatio-

297 842 435 912 testium,
451 844 498 905 est
511 835 646 898 officium
667 833 837 914 publicum,
852 854 920 916 arg·
939 834 960 898 l·
984 840 1013 900 l·
1030 835 1063 898 ff·
1118 861 1203 915 nem,
1219 839 1275 904 sed
1288 837 1392 902 mitius
1405 837 1617 916 procedendo,
1639 835 1724 916 prius
1744 853 1886 910 monere,

297 935 332 999 dc
349 932 452 998 Tcstib.
469 939 499 994 et
513 935 599 993 notat
613 929 728 991 Baldus
750 930 791 991 ad
812 928 926 992 rubric-
943 927 975 990 h·
991 936 1015 993 t·
1031 947 1063 990 n.
1118 937 1220 1000 donec
1233 936 1391 998 crescente
1406 930 1601 993 contumacia
1615 931 1754 999 instinct
1768 931 1889 1013 merto

300 1034 329 1094 l.
344 1027 523 1093 Meseerdus
536 1023 573 1086 de
592 1023 716 1087 Probat.
739 1029 849 1101 quaest.
875 1026 905 1086 5.
931 1041 1062 1102 procem·
1120 1049 1155 1094 ra
1167 1030 1245 1109 jaris
1259 1025 1398 1089 remedia
1411 1024 1581 1103 procedere
1596 1031 1747 1105 oporteat.

300 1143 332 1186 ιι.
348 1128 397 1188 ts.
413 1119 564 1184 Veliensis
578 1119 610 1181 b.
626 1123 648 1181 t.
665 1135 697 1180 n.
714 1121 742 1180 l.
758 1119 816 1180 Vel
830 1117 951 1196 saltem,
967 1121 1003 1182 ut
1019 1119 1068 1181 in·
1159 1128 1190 1186 't.
1213 1121 1283 1186 Nisi
1293 1137 1391 1182 aarum
1405 1117 1601 1180 testimoniam
1614 1135 1682 1180 mac
1702 1137 1722 1179 ι
1742 1117 1890 1200 principia

301 1218 367 1298 quit
380 1217 471 1280 loen.
486 1214 627 1276 Andreas
641 1213 683 1274 ad
700 1212 814 1274 rubrio.
831 1212 863 1275 h.
885 1219 908 1276 ι.
931 1212 1067 1275 officium
1121 1217 1160 1280 sit
1172 1214 1374 1278 musandum.
1385 1211 1554 1275 -Limitut
1565 1215 1673 1275 ιιιιιιιι
1687 1211 1771 1274 istud
1784 1210 1889 1272 Abbas

301 1311 427 1374 testium
441 1314 488 1371 est
501 1310 589 1388 quasi
602 1308 762 1386 publicum
778 1325 786 1368 ι
812 1306 888 1380 sive,
913 1313 948 1368 ιιι
969 1307 1069 1385 inquit
1121 1313 1153 1375 in
1168 1311 1220 1375 cit.
1236 1327 1305 1388 cap.
1320 1327 1344 1371 1.
1359 1327 1392 1370 n.
1410 1311 1437 1370 t.
1455 1307 1488 1368 b.
1502 1312 1526 1368 t.
1543 1313 1659 1386 etpost
1678 1307 1781 1386 ipsum
1804 1304 1891 1366 Fari·

300 1403 499 1467 Innocentius
514 1402 545 1463 ιιι
559 1419 587 1463 ι.
603 1399 699 1464 Nihil.
722 1399 762 1462 ed
785 1400 839 1464 ιιιι.
863 1399 900 1463 da
921 1399 1065 1463 Electian.
1122 1403 1240 1477 nucius,
1257 1400 1309 1463 ubi
1324 1417 1428 1481 supra,
1443 1417 1476 1462 ιι.
1492 1404 1541 1464 56.
1559 1399 1617 1462 nisi
1631 1398 1842 1462 testimonium
1855 1395 1891 1458 il·

303 1504 334 1562 ιι
348 1498 452 1562 Abbas
474 1495 516 1557 ad
534 1494 649 1558 rubric.
673 1494 705 1556 b.
730 1501 754 1558 ι.
777 1501 808 1558 ιι
822 1512 891 1575 cap.
907 1495 963 1557 ult.
987 1513 1020 1555 ιι.
1035 1496 1066 1556 5.
1122 1497 1223 1561 lorum
1237 1493 1363 1558 testium
1378 1511 1452 1557 mox
1466 1510 1485 1554 e
1497 1492 1648 1573 principio
1668 1491 1761 1554 fuerit
1779 1507 1890 1552 neces·

303 1589 373 1653 eod.
390 1596 436 1652 est
453 1587 609 1669 publicam
632 1587 665 1650 in
688 1605 732 1652 se.
758 1589 849 1670 Atqui
871 1590 913 1652 sd
935 1589 1070 1652 officium
1122 1589 1263 1652 sedam:
1285 1591 1420 1666 utpute,
1436 1586 1509 1665 quis
1523 1585 1640 1649 iactum
1653 1585 1743 1650 aliter
1764 1584 1890 1665 probari

303 1682 462 1762 publicum
477 1681 672 1764 compellitur
685 1681 840 1745 interdum
854 1684 924 1764 qais
942 1683 1067 1760 invitus,
1123 1700 1187 1745 ιιιιι
1200 1685 1319 1762 potest3
1336 1680 1386 1742 vel
1399 1680 1471 1759 quia
1483 1679 1580 1758 jadex
1589 1681 1782 1741 estremotos
1795 1695 1892 1757 apar-

302 1775 325 1838 l.
343 1773 417 1838 Cum
431 1773 468 1836 ab
481 1775 575 1854 initio,
589 1776 697 1854 juncta
720 1775 827 1837 tllosso
850 1779 882 1852 ι.
909 1775 1014 1858 Coget.
1034 1775 1067 1837 ii.
1123 1777 1217 1850 tibae,
1232 1793 1291 1837 nea
1303 1773 1453 1855 Judicinm
1467 1773 1507 1834 ds
1519 1771 1600 1835 facili
1615 1777 1716 1852 potest
1727 1771 1889 1852 geminari.

305 1866 548 1945 Quemadmodum
562 1873 723 1930 testamrnt.
738 1867 883 1949 aperiant.
899 1886 971 1930 cum
986 1869 1071 1930 simi·
1123 1875 1209 1936 Tune
1228 1871 1312 1932 enim
1332 1886 1396 1930 non
1416 1873 1463 1930 ιιι
1486 1884 1565 1944 opus
1587 1865 1777 1946 promittere
1798 1864 1892 1926 aliem

304 1959 386 2022 libus
404 1978 411 2021 :
427 1954 639 2039 nequeenim
649 1960 711 2038 jnri
725 1960 847 2039 publico
869 1963 938 2040 quis
957 1981 1071 2025 reuun·
1124 1963 1347 2035 monitionem
1364 1960 1419 2024 sed
1433 1960 1546 2042 poterit
1556 1959 1653 2038 judex
1667 1959 1771 2022 statim
1784 1959 1894 2037 aprin-

305 2052 382 2118 tiere
397 2059 510 2134 potest,
525 2071 553 2116 c.
570 2052 608 2117 Si
618 2051 760 2136 ditipmtr'.
778 2056 827 2117 ιι.
842 2053 878 2118 cte
894 2054 972 2118 Fauo
992 2073 1070 2118 cam-
1125 2059 1206 2140 cipio
1220 2055 1389 2138 precipere
1407 2054 1532 2116 testium
1553 2053 1822 2133 comparitionem,
1846 2059 1894 2114 ut·

302 2155 361 2228 pet·
372 2163 386 2224 ;
399 2163 485 2224 ergo·
1126 2171 1187 2233 que
1201 2149 1437 2229 depositionem,
1454 2148 1548 2210 etiam
1563 2147 1622 2208 snb
1632 2145 1821 2223 conditione,
1833 2144 1894 2206 tul·

344 2243 375 2302 5.
397 2238 475 2302 Aliae
488 2237 615 2300 rationes
627 2237 803 2318 afferuntur,
818 2259 869 2303 cur
880 2245 965 2305 'tantm
977 2262 1071 2326 quom
1125 2243 1273 2307 minando
1288 2257 1437 2304 censuras
1450 2238 1686 2301 ecclesiastices.
1695 2236 1791 2316 ldque
1805 2237 1895 2300 deso·

305 2331 398 2414 doque
411 2339 553 2412 coquntur
565 2330 606 2392 ad
619 2330 840 2413 testificandum.
851 2365 890 2382 -
904 2335 1073 2396 Confirmu·
1126 2338 1182 2399 mit
1206 2335 1309 2398 abbas
1330 2333 1390 2394 lec.
1415 2330 1467 2392 cit.
1492 2347 1531 2392 ex
1553 2347 1622 2409 cap.
1639 2346 1672 2392 ιι.
1688 2329 1721 2392 b.
1746 2336 1768 2391 t.
1785 2329 1837 2390 ubi
1852 2329 1894 2392 ita

307 2429 368 2500 tur,
384 2429 450 2485 tum
465 2424 537 2502 quia
551 2429 645 2486 testes
659 2425 847 2504 quandoque
865 2427 934 2508 cogi
956 2427 997 2490 ad
1011 2433 1072 2490 tes·
1126 2431 1248 2494 videtur
1262 2425 1463 2508 practicatum
1477 2443 1495 2485 a
1510 2424 1655 2504 pontifice
1677 2423 1709 2484 in
1730 2441 1817 2497 casu,
1832 2437 1895 2502 qao

305 2515 498 2587 tiflcandum,
515 2514 739 2594 exigitbonum
762 2535 937 2590 commune.
962 2527 993 2583 et
1015 2541 1074 2602 pu·
1126 2522 1337 2588 testimonium
1351 2517 1557 2599 quorumdam
1571 2515 1892 2580 iueratnecessarinm

307 2607 388 2671 blica
409 2608 578 2670 necessitas
600 2625 657 2670 eeu
680 2609 795 2672 utilitas
817 2611 1014 2690 reipublicae,
1039 2621 1074 2677 ut
1126 2633 1183 2698 pra
1198 2611 1354 2678 decisione
1368 2627 1470 2673 cause
1485 2615 1559 2671 tuna
1574 2603 1747 2684 existentis.

306 2701 366 2764 bac
389 2699 508 2762 ratione
531 2705 744 2780 precaveatur
767 2702 891 2766 malitiis
911 2706 1073 2770 bominum
1166 2711 1196 2772 8.
1222 2707 1313 2769 Testes
1325 2702 1478 2774 admoniti,
1502 2710 1530 2764 ιι
1549 2701 1703 2784 lecticari
1721 2709 1893 2774 recreantes,

307 2792 497 2872 ceteroquin
511 2793 616 2872 plures
629 2790 754 2855 bandus
763 2797 955 2879 criminaque
963 2819 1074 2881 perpe·
1126 2797 1315 2882 compellendi
1325 2802 1394 2858 nunt
1417 2813 1474 2875 pra
1487 2792 1626 2875 quantitate
1648 2792 1717 2862 [ιη’.
1739 2825 1782 2842 -
1799 2795 1893 2872 ltasp.

306 2888 467 2965 mantiam,
477 2903 545 2966 quae
556 2885 676 2948 occulta
685 2896 892 2964 remanerent,
908 2893 968 2954 nisi
977 2911 1074 2973 quan·
1126 2887 1176 2958 nt.
1192 2891 1279 2964 Quod
1293 2891 1319 2952 si
1333 2889 1502 2952 admonitio
1517 2887 1648 2950 testibus
1666 2886 1748 2949 iacta
1761 2887 1801 2948 de
1821 2903 1897 2966 ape-

307 2981 410 3060 doque
424 2982 518 3042 testes
532 2979 600 3060 cogi
614 2979 771 3042 valerent:
789 2999 856 3054 seu,
878 3003 946 3047 ιιιι
961 2987 1074 3050 veritus
1127 2984 1234 3046 rienda
1248 2983 1375 3046 veritate
1389 2999 1452 3044 non
1465 2981 1573 3063 prosit,
1595 2981 1653 3043 sed
1675 2981 1733 3064 ipsi
1753 2981 1821 3059 jam
1843 2979 1897 3042 ad-

307 3073 488 3150 ocaoltetur,
505 3079 534 3134 et
547 3089 588 3134 ιιι
603 3073 702 3134 malus
711 3073 855 3138 utbonue
864 3078 1070 3155 estimatum»
1128 3077 1237 3140 moniti
1251 3077 1354 3139 adhuc
1367 3075 1524 3141 testificari
1539 3079 1784 3148 recusantium
1800 3077 1898 3136 testes

308 3173 401 3248 prout
414 3165 547 3228 habetur
568 3183 641 3228 can.
666 3167 859 3250 Qumnquam.
876 3175 926 3234 ιι.
950 3191 982 3252 q.
998 3177 1028 3236 2.
1044 3181 1076 3238 ιι
1129 3171 1228 3253 (extre
1241 3169 1378 3234 cesonio
1388 3169 1460 3248 jure
1475 3167 1697 3250 privilegiatos)
1719 3171 1792 3228 sunt
1810 3183 1898 3226 com·

307 3259 360 3324 cit.
376 3277 405 3324 c.
419 3259 453 3320 b.
468 3265 510 3332 t.;
526 3265 593 3322 tum
606 3259 679 3338 qnia
700 3277 739 3322 ex
761 3277 810 3334 eo,
831 3264 915 3342 quod
928 3266 998 3346 quis
1011 3284 1074 3329 non
1128 3263 1262 3346 pellendi
1276 3281 1334 3342 pro
1348 3261 1496 3342 qualitate
1510 3261 1578 3322 tori.
1596 3261 1641 3323 Ιιι
1662 3259 1851 3322 communis.
1867 3259 1899 3320 et

307 3354 373 3416 vult
395 3353 476 3416 terre
497 3353 724 3433 testimonium,
749 3359 947 3434 presumitur
968 3369 1074 3423 contra
1129 3362 1215 3438 petet
1229 3375 1268 3418 ex
1278 3356 1400 3436 juribus
1414 3354 1496 3416 illico
1511 3351 1694 3435 allegandis.

308 3446 422 3535 ipsum,
451 3447 535 3525 qnod
562 3447 735 3526 veritatem,
759 3467 854 3528 quam
877 3453 973 3529 novit,
1002 3453 1076 3532 velit
1167 3455 1199 3515 9.
1221 3450 1334 3531 Nmpe
1346 3447 1460 3529 dejure
1472 3447 1618 3520 canonico,
1630 3461 1832 3527 percensui-cr
1851 3461 1897 3505 ec-

309 3539 392 3617 odio,
409 3540 519 3619 grstia,
533 3541 584 3601 uel
598 3539 706 3602 timore
721 3543 885 3614 occultare,
898 3545 1003 3627 sicque
1013 3565 1076 3610 me·
1128 3535 1309 3607 obductione.
1325 3573 1366 3592 -·
1386 3543 1422 3603 lit
1444 3541 1572 3620 quidem
1594 3538 1633 3601 de
1655 3539 1724 3618 jure
1747 3538 1897 3600 canonico

310 3633 368 3695 rito
390 3631 584 3712 compellitur
604 3633 644 3694 ed
666 3650 736 3695 eam
759 3632 984 3717 detegendam
1008 3647 1076 3703 tum
1128 3635 1376 3710 testismcnitns,
1393 3635 1663 3711 reinterrogatus,
1678 3631 1898 3694 siodiounius

310 3722 448 3800 ιιιιιιιιιι,
465 3724 537 3806 quie
552 3723 686 3786 officium
700 3725 825 3788 testium
849 3729 928 3791 adeo
951 3735 998 3794 est
1019 3751 1077 3796 ne·
1130 3729 1179 3793 vel
1205 3727 1303 3807 gratia
1329 3733 1384 3788 aut
1407 3725 1515 3787 timore
1540 3724 1668 3786 alterius
1689 3722 1785 3802 partis
1804 3721 1900 3804 (quod

311 3817 490 3893 cessarium,
506 3820 542 3879 ut
554 3817 624 3896 quis
638 3817 733 3880 etiam
747 3827 944 3884 removeatur
965 3841 984 3884 a
1007 3842 1078 3886 mu·
1129 3825 1216 3904 juxta
1229 3822 1368 3895 Glossam
1383 3819 1414 3880 ιιι
1429 3836 1457 3882 ι.
1474 3818 1572 3900 Super
1600 3835 1643 3880 ro.
1671 3819 1702 3895 y.
1729 3817 1841 3878 amre.
1863 3817 1897 3878 b.

310 3927 386 3972 nere
397 3910 557 3990 judicandi
572 3913 699 3989 propter
712 3917 816 3972 ectum
833 3915 1030 3992 testificandi,
1046 3935 1073 3980 e.
1131 3923 1154 3981 t.
1168 3915 1236 3978 fieri
1250 3912 1460 3993 presumitur,
1475 3911 1535 3972 nisi
1550 3909 1757 3990 privilegium,
1772 3909 1902 3988 autjus·

309 3999 431 4064 Dilecto.
458 4004 508 4065 to.
536 3999 571 4063 de
600 3999 706 4062 Tertib.
737 4002 788 4064 ubi
813 4005 910 4084 judici
933 4006 1076 4088 delegato
1130 4017 1197 4074 tum
1210 4006 1468 4086 impedimentum
1482 3991 1619 4085 allegare
1632 4003 1746 4083 velem)
1760 4003 1901 4066 testimo-

311 4093 504 4156 snbstituitur
517 4093 608 4167 alius,
624 4111 661 4154 ec
675 4096 759 4172 qaod
773 4115 845 4175 pars
859 4097 982 4181 litigans
996 4103 1078 4164 illias
1130 4103 1218 4165 nium
1235 4101 1317 4162 terre
1339 4097 1545 4171 recusaverim
1571 4117 1586 4158 a
1608 4096 1818 4160 ecclesiastica
1838 4096 1902 4160 dis·

310 4184 487 4248 testimonio
501 4184 703 4264 indiguisset:
720 4205 803 4266 nam,
816 4193 851 4252 ut
860 4191 960 4270 inquit
973 4193 1077 4256 Abbas
1129 4195 1271 4260 trictione
1286 4191 1449 4271 »compelli
1463 4189 1567 4264 debet,
1583 4209 1653 4272 cap.
1669 4207 1691 4252 1.
1704 4190 1736 4250 h.
1746 4195 1815 4252 ι.-ιι
1829 4207 1898 4268 cap.

311 4277 385 4340 ibid.
401 4294 434 4340 n.
450 4280 479 4340 3.
495 4277 615 4340 facilius
630 4279 828 4359 reperiuntur
848 4290 972 4346 centum
991 4287 1076 4367 judi·
1131 4305 1166 4352 n.
1182 4295 1213 4350 et
1226 4305 1255 4349 c.
1272 4285 1409 4348 Pervenit
1421 4283 1461 4346 ad
1472 4303 1534 4360 aas.
1550 4287 1581 4346 5.
1597 4281 1669 4345 eod.
1689 4281 1732 4344 ibi
1750 4301 1757 4343 :
1788 4301 1802 4339 u
1823 4283 1902 4344 Sunt

312 4385 363 4431 ⁰0⁵
377 4387 472 4448 quam
485 4387 567 4430 ”¹1⁰⁵
581 4369 680 4433 iestis·
1131 4401 1188 4464 per
1202 4399 1367 4444 censuram
1381 4379 1621 4442 ecclesiasticam
1644 4377 1861 4460 compellendi.
1882 4399 1897 4435 n

351 4461 381 4521 6.
407 4458 500 4522 Testes
522 4479 580 4522 nnn
603 4459 680 4523 tttica
707 4464 894 4547 compellendi
923 4478 1001 4549 sum,
1030 4471 1082 4534 sed
1131 4476 1237 4552 idest,
1254 4473 1555 4537 clericasintestcm
1575 4480 1717 4547 recatus,
1742 4478 1773 4534 et
1792 4475 1902 4534 contu-

312 4551 564 4634 teutmundus
581 4556 711 4620 monitio.
738 4589 775 4602 -
796 4561 890 4642 Resp.
913 4563 949 4626 tl.
974 4567 1079 4627 Testes
1132 4567 1263 4630 maniter
1275 4583 1339 4627 non
1353 4581 1550 4644 comparens,
1565 4563 1718 4644 imprimis
1738 4561 1900 4642 compelli-

313 4651 491 4706 recusantes
514 4645 594 4708 ferre
617 4650 839 4732 testimonium,
856 4675 920 4719 non
941 4658 1032 4734 illico,
1048 4663 1080 4723 et
1132 4669 1183 4724 tur
1209 4659 1269 4722 sub
1291 4677 1385 4740 paena
1408 4657 1645 4737 suspensionis:
1669 4655 1799 4730 deinde,
1827 4655 1902 4735 qnia

313 4753 352 4808 er
365 4735 496 4816 abrupto
511 4739 715 4816 compellendi
729 4748 877 4824 suntsed
887 4757 1076 4826 necesseest,
1132 4758 1292 4815 crescente
1306 4749 1501 4812 contumacia
1515 4765 1657 4812 crescere
1671 4747 1766 4811 debet
1782 4755 1813 4810 et
1832 4765 1900 4828 por·

312 4835 347 4892 ut
359 4829 515 4908 praecedat
527 4829 667 4894 monitio.
682 4835 727 4896 Its
741 4840 844 4901 textus
858 4841 889 4901 ιιι
910 4842 952 4906 ιιι
969 4861 1038 4924 cap.
1055 4861 1077 4905 ι.
1133 4863 1185 4921 na,
1200 4847 1322 4924 cogitur
1344 4845 1404 4908 aab
1425 4863 1520 4924 poena
1543 4842 1871 4906 excommunicationis
1893 4860 1900 4902 :

311 4921 344 4984 b.
360 4927 383 4983 ι.
398 4921 459 4984 ibi:
480 4921 691 5004 «Diligentius
706 4944 843 5007 moneas,
856 4941 888 4996 et
900 4934 1030 4998 inducas
1042 4956 1076 4997 :n
1134 4945 1165 5001 et
1178 4937 1305 4999 tandem
1319 4937 1377 4998 snb
1392 4953 1486 5016 poena
1500 4933 1720 5020 depositionis,
1733 4935 1823 5013 juxta
1836 4939 1903 4996 tex·

313 5033 350 5078 ac
364 5019 451 5078 notet
464 5013 569 5078 Abbas
584 5016 660 5079 ibid.
675 5037 707 5082 ιι.
724 5025 759 5095 l;
776 5025 900 5088 Feliuus
915 5047 946 5091 n.
971 5032 1006 5102 ις
1022 5031 1081 5091 Fa·
1132 5036 1198 5093 tum
1213 5031 1245 5092 in
1260 5031 1311 5094 cit.
1326 5019 1395 5112 cap.
1411 5047 1446 5092 11.
1462 5030 1494 5092 b.
1511 5037 1533 5091 t.
1633 5081 1645 5110 ,

310 5107 447 5170 noenius
460 5107 497 5170 dc
512 5106 617 5172 Testid.
636 5119 748 5190 quest.
762 5118 812 5180 78.
828 5136 860 5179 n.
876 5123 926 5182 55.
942 5123 1080 5202 allegans
1174 5128 1224 5188 tc.
1247 5125 1292 5190 Et
1305 5125 1419 5207 dejure
1432 5125 1523 5202 civiti,
1539 5125 1665 5208 pignora
1686 5121 1837 5204 capiendo,
1859 5119 1906 5184 uel

312 5199 398 5262 alios.
414 5201 590 5266 concordat
603 5209 707 5268 textus
729 5207 759 5268 ιιι
784 5229 811 5272 ι.
828 5210 926 5294 Super
942 5233 984 5277 eo.
1000 5218 1030 5280 3.
1046 5217 1078 5278 h.
1133 5219 1272 5281 mulctam
1284 5217 1466 5301 imponendo.
1482 5251 1522 5266 -
1537 5217 1633 5280 Porro
1660 5217 1699 5279 de
1719 5217 1790 5294 jure
1803 5214 1899 5292 civili,

310 5298 334 5355 ι.
350 5293 410 5356 illis
425 5295 527 5359 verbis
545 5316 551 5358 :
572 5299 717 5377 «Testes,
733 5304 785 5382 qui
799 5305 1007 5370 iaterbrerunt
1019 5311 1082 5372 tec-
1133 5311 1221 5374 testis
1233 5312 1416 5374 auctoritate
1427 5311 1542 5391 judicis
1556 5309 1699 5390 compelli
1714 5307 1808 5371 debet
1817 5309 1904 5370 veni·

311 5390 356 5461 to,
372 5391 518 5492 monendi
532 5395 615 5466 sunt,
631 5409 695 5454 non
709 5397 839 5476 cogendi
855 5398 895 5458 ad
914 5401 1080 5466 terendam
1133 5421 1168 5466 re
1182 5404 1213 5464 in
1223 5404 1386 5485 judicium,
1399 5409 1493 5484 atque
1503 5404 1713 5468 testimoninm
1721 5401 1902 5482 perbibere:

312 5481 523 5545 testimonium
538 5482 670 5548 veritati.
686 5507 700 5546 r
720 5487 776 5554 Ubi
790 5489 896 5554 Glossa
912 5494 942 5570 ι.
955 5493 1022 5556 Nan
1034 5513 1082 5557 ro·
1134 5496 1218 5576 quod
1232 5495 1258 5558 si
1271 5497 1374 5560 tacere
1387 5501 1578 5574 contemnat,
1590 5499 1721 5578 pignora
1730 5495 1798 5575 ejus
1812 5500 1905 5556 erunt
