4026 6054
324 273 385 336 teo
446 269 533 332 llll
555 269 605 332 111.
626 267 835 330 cammah
857 265 927 326 utu.
951 262 1000 324 Ν.
1021 262 1073 324 DE
1093 257 1261 324 dunatus
1281 254 1358 318 NON
1379 251 1661 326 unslunttnlntJS,
1683 251 1765 322 ETC.

324 406 418 478 bone,
431 421 488 483 per
502 421 606 469 samos
616 417 752 464 canones
763 397 950 479 approbata,
960 395 1089 476 exigunt
1141 410 1181 454 ex
1193 391 1245 472 pic
1264 387 1467 450 fundatorum
1474 386 1667 460 intentione,
1682 391 1776 464 atquc
1788 383 1888 446 come

324 495 534 558 residentiam.
550 499 595 560 Ita
616 497 799 575 Fagnanus,
821 509 848 552 c.
873 487 1085 570 extirpanda.
1142 485 1261 546 tutione
1283 479 1427 545 Ecclesia
1451 477 1564 542 dictam
1585 477 1785 540 laudatorum
1807 475 1889 538 intera

324 587 342 666 §
358 587 415 663 Oui
425 607 501 652 vero.
523 607 555 650 n.
577 592 626 652 28.
642 588 677 651 de
699 581 872 662 &utenda
886 582 1038 644 Veliensis
1051 582 1085 642 b.
1142 578 1259 641 tionem
1272 574 1473 654 approbantis
1489 591 1497 632 :
1514 573 1557 644 uti
1570 577 1656 651 patet
1669 573 1702 632 in
1716 570 1889 648 obligatione

324 685 347 742 t.
365 699 397 742 n.
419 685 456 757 23
481 682 608 745 Zoesius
631 683 700 746 eod.
723 700 755 742 n.
771 683 805 754 2;
828 676 956 756 Pirhiug
975 694 1008 737 n.
1033 677 1086 749 tc;
1142 669 1266 750 legendi
1280 673 1379 732 certas
1401 667 1527 741 Missas,
1542 663 1704 728 assistendi
1728 664 1890 738 chorami·

325 773 452 856 Sannig,
477 776 528 838 cit.
554 793 622 857 cap.
640 793 663 838 1.
688 793 720 838 n.
740 778 770 837 b.
792 777 823 835 et
843 771 907 832 alii.
926 769 1015 832 Ratio
1029 774 1087 842 est,
1143 762 1291 825 usuardi
1306 761 1346 824 ad
1359 763 1475 840 altare,
1491 767 1550 823 etc.
1567 759 1641 830 Quis
1655 756 1739 819 enim
1754 757 1844 831 dicet,
1857 765 1892 820 ta·

325 865 398 944 quja
419 868 571 931 hanapia
591 887 699 931 curam
716 867 892 928 animarum
905 879 970 922 non
989 859 1090 939 requi.
1143 853 1184 914 liu
1199 871 1294 916 onera
1311 854 1469 916 beneficiis
1484 849 1674 932 simplicibus
1687 850 1761 930 jure
1774 849 1890 910 naturai

325 959 440 1038 rende,
470 962 664 1024 solummodo
691 979 748 1042 per
775 956 938 1021 eeclesiam
964 963 1090 1036 propter
1143 948 1247 1010 divino
1262 966 1329 1011 csse
1346 966 1486 1027 annexa,
1503 965 1574 1008 cum
1590 945 1623 1007 in
1643 943 1785 1024 pluribus
1799 961 1891 1004 eorum

325 1054 442 1116 cultum
456 1053 595 1118 divinum
612 1062 685 1119 gunt
698 1055 846 1128 instituta,
861 1068 963 1131 neque
977 1051 1010 1111 in
1023 1049 1089 1112 istis
1142 1057 1206 1103 non
1220 1040 1345 1102 adsint?
1359 1041 1430 1118 quie
1454 1041 1546 1103 etiam
1564 1039 1604 1102 de
1624 1035 1762 1120 generali
1776 1053 1892 1098 consue·

320 1155 415 1228 urget
427 1150 657 1230 ratioproxime
672 1149 780 1222 allatam
797 1164 868 1210 cum
882 1150 1008 1207 ducant
1022 1145 1088 1205 olli·
1142 1133 1247 1218 tudine
1262 1133 1405 1208 sufficiet,
1419 1133 1578 1196 beneficiis
1596 1130 1786 1211 simplicibus
1799 1132 1892 1192 deser·

324 1239 372 1304 cio
390 1242 552 1320 pastorali,
568 1259 703 1322 curaque
721 1242 919 1304 animarum:
936 1253 1011 1318 crgo
1025 1254 1089 1316 non
1142 1226 1207 1289 vire
1217 1244 1274 1306 per
1283 1226 1495 1300 substitutum,
1504 1225 1564 1286 nisi
1574 1224 1721 1286 fundator
1730 1226 1894 1304 oppositum

323 1335 384 1398 nisi
394 1338 688 1416 jnreecctasiasttco
703 1337 833 1416 exigunt
845 1332 1058 1398 residentiam.
1143 1319 1340 1399 θΧΡΓθὸὓθῑῑῐ»
1361 1321 1448 1400 juxta
1470 1321 1553 1382 dicta
1574 1337 1607 1381 1¹·
1627 1321 1657 1380 9·
1681 1317 1771 1382 ΗΜΘ
1791 1335 1894 1396 magua

256 1447 262 1456 .
365 1431 414 1492 45·
436 1431 610 1514 murm
623 1431 724 1514 aliqu„
738 1428 882 1510 beneficia,
898 1445 964 1509 Μ
982 1427 1023 1488 ad
1042 1445 1089 1488 φρ.
1142 1418 1190 1478 est
1210 1411 1372 1492 disparitas
1393 1413 1474 1474 inter
1493 1412 1645 1474 beneficia
1664 1418 1782 1488 curata,
1799 1417 1832 1472 el
1842 1429 1893 1472 nou

322 1518 546 1584 umadbmuoa
557 1523 697 1605 ollr’punt.
708 1520 897 1595 -Accedit,
912 1519 997 1599 quod
1011 1518 1089 1580 den·
1138 1513 1249 1580 ,curata
1265 1525 1272 1568 ἰ
1289 1506 1393 1587 priora
1406 1508 1489 1570 enim
1504 1508 1631 1588 exigunt
1644 1505 1842 1586 personalem
1853 1524 1893 1566 re·

322 1619 373 1676 tur
386 1614 489 1695 eliqua
502 1617 748 1696 beneficiaque
760 1611 1088 1694 tentumadborerum
1142 1599 1306 1672 sideream
1329 1587 1368 1664 ex
1390 1621 1447 1669 sue
1462 1609 1590 1692 ructare,
1615 1619 1671 1663 ⁸0¹¹
1690 1599 1721 1662 Vi
1743 1599 1894 1678 Pt⁵t⁰fflli⁸

322 1708 542 1784 canonicarum
577 1710 791 1772 recitationem
828 1707 987 1789 obligant,
1023 1724 1088 1767 uon
1141 1691 1243 1768 ΟΜ,
1268 1692 1894 1773 liu⁰dl¹³be¹1t³flss⁸1¹1mesi⁰qu9jffl0

323 1801 471 1877 etiamad
483 1803 705 1867 residentiam:
722 1803 766 1865 uti
780 1803 853 1864 sunt
864 1799 1086 1882 presumente,
1140 1784 1271 1848 naturali
1286 1785 1413 1850 divino:
1430 1807 1519 1852 secus
1539 1787 1706 1858 dicendum
1726 1787 1766 1847 de
1785 1785 1893 1848 benefi-

322 1910 378 1956 sou
392 1896 647 1975 praetimoniales
667 1896 837 1978 portiones,
858 1911 928 1976 que
948 1893 1088 1956 creddi·
1140 1871 1196 1942 ⁰31³
1222 1896 1286 1942 1¹0³
1312 1884 1439 1958 fflrdlit,
1468 1890 1572 1964 utpote
1597 1883 1776 1945 cfflessfibfls
1805 1881 1894 1942 ⁰ffi⁰5⁰

320 1985 402 2046 tibus
430 1988 646 2052 ecclesiasticis
673 1990 854 2062 abstracte,
884 1985 1087 2067 designantur
1137 1973 1893 2055 P⁸⁸l⁰rafi20¹1fflq¹¹0³ssim³1¹1m2hludllbflfflllt,

317 2079 474 2158 aliquibus
487 2082 519 2143 in
532 2083 602 2144 vitu
620 2081 804 2158 subsidium,
812 2081 862 2144 vel
871 2080 1020 2144 adstudiu
1034 2098 1086 2160 pe·
1138 2067 1232 2162 (lumi,
1245 2075 1308 2130 lam
1328 2069 1408 2146 ‚istas
1433 2089 1528 2151 ‘luam
1549 2071 1619 2145 illas
1644 2073 1813 2149 Pffitllllffl
1833 2073 1896 2129 sunl

310 2175 480 2254 regenda„
497 2175 623 2238 Zoesius
649 2177 700 2240 cit.
732 2195 766 2243 n.
783 2180 814 2238 2.
838 2175 887 2238 lld
908 2176 991 2238 idem
1012 2175 1086 2240 facil
1138 2165 1313 2242 flssoellffltaa
1324 2164 1355 2248 li
1368 2168 1455 2243 1³³⁰ss
1464 2165 1557 2228 ῖᾶθῑῑθ
1566 2163 1712 2239 issifirssflfl
1727 2163 1817 2242 ‘imi
1830 2180 1895 2223 ⁰⁰¹¹·

318 2267 484 2338 concilium
505 2270 734 2348 Tridentium,
750 2288 826 2332 5035,
852 2273 881 2331 6,
904 2287 972 2349 cap,
997 2286 1032 2335 ῃ,
1048 2269 1085 2336 dg
1138 2261 1253 2330 tractus
1268 2257 1350 2337 (imo
1365 2259 1552 2340 quandoque
1566 2260 1661 2323 eliam
1673 2261 1797 2322 ratione
1809 2275 1894 2337 prees·

313 2359 449 2441 Reform·
464 2361 648 2440 decernens,
663 2367 698 2426 ut
711 2363 886 2428 obtinentes
900 2384 915 2422 u
930 2363 1083 2426 Beneficia
1137 2351 1183 2412 fili
1203 2351 1387 2433 juramenti),
1408 2353 1514 2433 sieque
1533 2354 1606 2432 jure
1630 2351 1764 2443 naturali
1787 2350 1893 2422 deluo,

319 2452 528 2516 ecclesiastica
536 2456 733 2538 personalem
741 2455 939 2518 residentiam
949 2456 1081 2534 dejure,
1137 2445 1277 2527 Obligeltl
1289 2446 1521 2510 beneficiarium
1535 2450 1577 2511 ed
1585 2447 1763 2530 praestanda
1773 2444 1895 2506 fideliler

313 2543 391 2627 aire¹
403 2548 625 2634 consuetudine
649 2548 816 2628 exigentia,
831 2569 847 2634 n
865 2555 1015 2630 coguntur
1035 2568 1084 2612 re·
1137 2557 1232 2602 wera
1246 2541 1366 2604 eisdem
1379 2559 1511 2605 annexu·

314 2635 419 2700 sidere
435 2657 443 2700 :
459 2657 534 2704 nam
551 2641 666 2708 frustm
683 2641 806 2704 lecisset
827 2645 1016 2706 mundonem
1030 2660 1084 2706 co-
1177 2638 1227 2696 tt.
1257 2635 1459 2698 loramentum
1485 2635 1522 2699 de
1547 2635 1681 2698 contiuua
1713 2631 1896 2716 pemeus

314 2748 409 2817 rum,
420 2750 490 2811 quas
508 2735 637 2818 exigunt
655 2735 854 2798 residentiam
873 2739 1081 2816 personalem,
1135 2729 1301 2806 residente,
1312 2727 1896 2812 quomodositiatellipccduml-Quae·

316 2823 380 2886 nui.
398 2824 546 2916 darentur
570 2829 676 2909 alique
697 2829 866 2908 beneficia,
885 2843 960 2911 'quse
983 2832 1083 2912 ipsam
1135 2825 1273 2886 riturlll.
1297 2826 1363 2896 Quo
1386 2825 1479 2888 modo
1502 2812 1742 2904 intelligendum
1762 2823 1802 2884 sit
1817 2823 1897 2900 jura-

263 2976 266 2986 ,
315 2934 381 2980 nou
394 2921 535 3000 exiguum
552 2923 596 2986 uti
611 2928 684 2988 sunt
692 2922 843 2986 beneficia
853 2926 997 3003 quedam
1011 2925 1082 2988 sim-
1135 2922 1294 2996 mentum,
1320 2918 1359 2980 de
1383 2920 1529 2981 continua
1555 2918 1711 2998 personali
1734 2915 1897 2979 residentia

316 3012 418 3096 plicia.
1135 3011 1325 3092 praestitumt
1339 3011 1432 3092 Resp.
1447 3011 1595 3076 breviter.
1610 3013 1830 3090 iuramentum
1842 3007 1896 3066 bu·

323 3154 327 3168 .
356 3109 407 3172 ld.
428 3105 595 3190 Iactantia,
620 3109 766 3192 probans,
790 3110 877 3175 etiem
904 3110 1083 3192 beneficiatos
1133 3104 1287 3184 iusmodi,
1312 3112 1417 3185 utpote
1443 3104 1614 3185 proselitum
1634 3104 1716 3165 circa
1738 3101 1896 3163 materiem

315 3219 373 3264 ana
385 3210 500 3266 wotos
515 3205 685 3286 euertjare
705 3205 837 3268 naturali
847 3206 972 3269 residere
977 3223 992 3283 ,·
1005 3205 1082 3286 ψ...
1131 3199 1211 3278 juris
1224 3199 1490 3278 interpretandum
1510 3205 1559 3261 est
1577 3195 1751 3259 secundum
1771 3191 1896 3274 disposi-

312 3313 371 3376 qec
383 3297 666 3380 mistiae-Dices.
689 3299 826 3371 Quilibet
841 3300 913 3378 jure
935 3301 1079 3378 naturali,
1134 3295 1251 3363 donem
1279 3295 1358 3373 juris
1393 3294 1585 3370 communis;
1612 3309 1650 3353 uc
1677 3289 1812 3370 proinde
1839 3305 1897 3347 non

315 3389 348 3450 et
361 3387 477 3466 divino,
493 3395 616 3460 tenetur
628 3399 777 3473 proestare
792 3410 844 3467 ea,
862 3409 931 3471 quse
946 3397 1018 3454 sunt
1032 3393 1080 3454 sui
1134 3378 1250 3470 obligat
1267 3389 1299 3450 in
1320 3389 1444 3460 casibus
1465 3389 1538 3469 jure
1566 3385 1726 3452 communi
1753 3384 1895 3464 exceptis

313 3479 421 3570 officii,
434 3485 602 3570 etadquae
615 3484 1079 3566 praestendnperhujuseoccp-
1132 3483 1178 3546 tta
1204 3483 1309 3546 Abbes
1337 3503 1364 3546 c.
1386 3483 1441 3546 En
1466 3493 1562 3566 purte,
1587 3483 1634 3545 l3.
1650 3478 1683 3542 h.
1713 3488 1750 3554 t.;
1774 3479 1899 3556 Pirhing

315 3575 465 3648 lationem
479 3579 581 3657 tacite,
597 3599 654 3642 scu
668 3580 757 3658 quasi
771 3597 809 3642 ex
824 3587 994 3656 conuecta,
1009 3599 1079 3644 sese
1134 3576 1203 3639 eod.
1224 3596 1257 3640 n.
1272 3581 1323 3640 tt.
1339 3583 1372 3642 cl
1384 3579 1454 3654 alii;
1483 3586 1577 3659 atque
1599 3576 1792 3652 concordant
1819 3575 1898 3636 dicte

315 3667 476 3748 subligaria
494 3692 568 3756 ergo
582 3674 678 3750 etiam
691 3673 881 3738 beneficiarii
899 3691 963 3736 non
982 3673 1079 3736 curati
1140 3669 1282 3749 superius
1305 3670 1359 3732 lib.
1380 3672 1415 3732 ll.
1439 3671 1486 3734 tit.
1508 3665 1669 3732 altitude
1687 3663 1897 3748 lar-qimanda.

313 3764 460 3866 tenentur
469 3765 540 3845 jure
561 3768 694 3842 naturali
710 3768 816 3832 divino
830 3769 1078 3844 adresideudum
1131 3763 1192 3844 52.
1209 3783 1241 3843 n.
1256 3768 1306 3830 25.
1322 3766 1355 3826 et
1373 3782 1461 3845 seqq.
1487 3759 1551 3844 ubi¹
1562 3763 1631 3824 fuse
1652 3761 1694 3823 de
1717 3761 1898 3841 interpreta-

311 3873 346 3927 rn
357 3854 482 3936 proprio
500 3861 651 3928 beneficio
668 3881 676 3924 :
692 3880 767 3924 nam
784 3880 841 3942 per
863 3862 956 3941 hujus
969 3879 1079 3942 accep·
1131 3858 1216 3920 tione
1227 3857 1396 3938 juramenti
1405 3858 1535 3939 prestiti
1548 3859 1630 3938 circa
1637 3855 1804 3920 materiam
1811 3851 1898 3934 juris,

312 3950 463 4028 milonem
476 3953 568 4028 lecito
582 3955 1075 4038 soobligaruntadresidendum,
1131 3953 1248 4016 dictum
1262 3952 1330 4032 furit
1760 3949 1763 3956 '

312 4048 450 4123 eoquod
469 4049 537 4130 sine
559 4051 714 4131 personali
737 4049 903 4114 residentia
920 4057 1077 4131 nequeant
1172 4050 1219 4110 18.
1242 4047 1311 4112 Non
1332 4047 1443 4129 oblipot
1465 4047 1497 4108 in
1522 4046 1633 4126 cadius
1661 4045 1731 4126 jan
1757 4042 1901 4108 maumam

311 4145 459 4217 praestare
482 4158 591 4219 onera,
610 4149 705 4222 atque
727 4143 828 4204 officia
846 4161 903 4204 suo
923 4141 1076 4205 beneficio
1130 4141 1255 4224 exceptis
1268 4161 1281 4204 .·
1302 4140 1388 4226 idque
1408 4139 1652 4222 exemplificatur.
1674 4139 1898 4214 -Probatur,

311 4248 444 4311 annexa.
459 4235 552 4317 Resp.
572 4237 715 4317 negando
734 4236 991 4316 consequentiam
1004 4253 1076 4298 cnm
1130 4237 1282 4324 simulque
1309 4237 1553 4318 exemplificatur
1583 4236 1694 4298 eedem
1728 4231 1897 4296 conclusio.

242 4345 246 4355 ·
311 4339 367 4406 sua
380 4326 578 4407 probatione,
594 4331 644 4392 vel
663 4323 767 4410 potius
780 4327 980 4412 ¹suppositura
994 4330 1072 4416 ejus.
1129 4331 1161 4394 Si
1180 4331 1330 4413 imprimis
1351 4331 1549 4414 praepositus,
1568 4330 1658 4412 quia
1680 4328 1839 4412 principio
1852 4343 1900 4385 re·

310 4414 396 4500 Licet
413 4419 497 4502 enim
516 4422 706 4484 beneficiarii
723 4427 794 4502 post
811 4425 1006 4502 acceptatum
1018 4423 1075 4486 be·
1128 4431 1225 4504 ceptae
1248 4427 1460 4506 prepositura
1469 4425 1631 4506 juraverat
1652 4422 1802 4486 continuo
1827 4419 1901 4483 resi·

308 4508 466 4616 aeficium,
482 4515 575 4578 etiam
597 4535 660 4578 non
681 4523 832 4594 curatum,
857 4522 1022 4578 teneantur
1043 4517 1072 4581 vi
1127 4520 1201 4583 dere
1214 4539 1270 4600 pro
1285 4519 1417 4585 servitiis
1436 4539 1501 4585 sure
1519 4521 1677 4598 Ecclesiae,
1697 4519 1762 4598 sive
1775 4537 1838 4599 pm
1849 4520 1900 4598 ju·

309 4609 390 4682 pacti
412 4607 504 4686 tacite
530 4611 674 4690 praestiti,
698 4629 756 4672 seu
779 4609 869 4694 quusi
885 4615 1072 4688 contractus,
1127 4615 1224 4692 ribus,
1240 4623 1272 4679 et
1284 4614 1457 4680 rationibus
1478 4616 1575 4696 ipsius
1594 4613 1815 4699 praepositurae
1829 4630 1902 4692 pro-

308 4697 451 4778 adeoque
470 4700 540 4784 jure
561 4705 693 4768 naturali
714 4705 819 4768 divino
847 4711 995 4786 prestere
1022 4723 1071 4780 ee,
1127 4712 1306 4791 sequendis,
1323 4713 1407 4775 licite
1428 4730 1462 4776 se
1476 4712 1634 4788 absentet3
1652 4727 1690 4772 uc
1708 4709 1773 4770 sine
1787 4705 1899 4770 fraude

307 4809 378 4872 quea
406 4801 478 4856 stant
504 4797 551 4858 sui
579 4799 689 4878 officii,
719 4797 904 4880 exequendo
931 4798 1073 4862 videlicet
1126 4806 1227 4869 taliter
1237 4825 1271 4868 se
1280 4806 1486 4882 absentando,
1496 4804 1671 4887 perjurium
1680 4821 1744 4864 uon
1752 4801 1899 4864 incurrit.

306 4886 473 4971 oncra'suo
488 4889 637 4955 beneficio
650 4911 784 4976 annexu,
801 4899 832 4956 et
846 4895 1072 4974 consequenter
1124 4903 1239 4964 Toxlus
1262 4905 1310 4964 eet
1330 4901 1364 4962 in
1385 4919 1414 4963 c.
1438 4900 1493 4964 Es
1511 4907 1597 4982 purte
1610 4908 1671 4960 tau.
1689 4899 1738 4960 t3.
1753 4896 1787 4960 b.
1806 4903 1833 4958 t.
1849 4894 1899 4956 ubi

306 4981 400 5046 etiam
414 4983 579 5070 residendo
593 4987 801 5066 personaliter
813 4989 846 5049 in
860 5006 909 5066 eo,
925 4989 979 5050 ubi
993 5007 1071 5069 opus
1126 5013 1235 5061 omnes
1244 4996 1396 5060 doctores.
1409 4990 1571 5074 Siquidem
1580 4991 1900 5076 ipsummetjuseom·

304 5074 396 5179 luerit
412 5096 420 5138 ι
436 5081 500 5140 nou
518 5085 624 5142 tamen
644 5080 727 5142 hinc
740 5085 898 5164 sequitur„
915 5087 1019 5148 omnia
1034 5086 1072 5147 il·
1125 5093 1213 5154 muni
1225 5092 1375 5172 permittit
1387 5091 1519 5170 clericis,
1536 5086 1648 5169 abesse
1662 5088 1704 5150 ob
1718 5086 1899 5150 evidentem

304 5166 363 5272 lius
376 5169 520 5234 beneficii
544 5191 649 5249 onera,
674 5174 843 5257 ipsamque.
856 5179 1069 5262 residentiam,
1124 5183 1269 5247 Eccleeim
1283 5201 1347 5268 suae
1367 5183 1545 5265 ublimmm,
1561 5199 1630 5266 cup.
1651 5198 1707 5244 un.
1727 5179 1759 5244 h.
1773 5185 1804 5262 t,
1818 5178 1852 5240 in
1865 5181 1895 5238 6.

305 5259 408 5369 erdem
422 5279 490 5326 esse
505 5283 626 5328 annexa
636 5265 708 5346 jure
717 5270 849 5330 naturali
863 5269 978 5334 divino.
989 5273 1070 5343 Quin
1124 5274 1450 5354 communicarem
1467 5273 1550 5338 unde
1564 5291 1656 5338 casm
1665 5272 1725 5337 iste
1735 5289 1801 5334 uon
1811 5288 1895 5334 com·

301 5364 405 5464 potrus
418 5359 492 5420 talia
506 5375 611 5440 onera,
627 5361 727 5450 plura,
744 5363 792 5424 vel
809 5365 956 5444 pauciore
970 5369 1069 5448 speci·
1122 5371 1324 5451 prehenditur
1336 5371 1396 5432 sub
1413 5354 1566 5451 ejusmodi
1580 5370 1769 5448 juramenta
1791 5367 1894 5428 Idem·

301 5451 444 5528 licuntur,
460 5459 554 5534 atque
571 5463 675 5522 erecto
692 5456 845 5522 beneficio
859 5467 1067 5526 annectuntur
1122 5463 1773 5549 quedicendumdeduobuscanonicislicile
1780 5460 1896 5526 obseu-
