4008 6074
227 297 301 383 §K
322 295 374 368 tir:
394 301 568 380 maleas,
589 305 627 367 ΙΝ
649 298 786 377 QUIBUS
806 295 903 368 idas
924 293 1139 366 Proernam*
1160 290 1399 374 3133333933,
1422 299 1505 363 erc,
1600 299 1659 366 35}

90 439 189 498 seeum
202 437 294 516 Resp.
314 439 337 498 l.
358 438 478 518 Regula
499 438 561 514 ills,
584 437 669 516 quod
688 437 838 512 alauaulm
893 435 1216 518 anteplasmato.
1240 433 1438 516 Significavit.
1463 437 1512 498 30.
1534 434 1569 496 de
1590 435 1662 497 Res-

93 531 314 610 neppellatioue
327 539 482 610 remota,n
501 530 840 611 impediatappellatio-
892 529 976 611 nupt.
992 533 1024 592 et
1036 527 1108 590 alibi
1125 545 1132 588 ι
1150 527 1203 588 ubi
1217 528 1312 606 Papa,
1334 527 1517 602 telesilla,
1534 549 1549 586 ι
1570 529 1661 607 jubet

88 642 160 696 nem,
173 623 250 684 fallit
262 623 294 686 in
309 623 468 686 nonnullis
491 623 634 686 nasibus:
658 632 691 684 et
712 622 839 701 quidem
894 622 1032 685 mvooeri
1046 621 1078 682 in
1096 621 1228 695 irritum,
1253 625 1326 696 eta,
1342 620 1449 700 sinque
1463 637 1590 682 eausam
1605 619 1664 680 ibi·

87 717 222 797 imprirois
236 716 268 776 in
282 717 353 796 illis,
366 718 418 778 ubi
432 717 600 798 appellatio
614 735 633 778 a
644 717 716 795 jure
731 733 841 776 nouae·
894 715 965 778 dem
980 731 1160 794 expressam
1174 714 1373 790 gravaminis,
1382 715 1499 792 justam
1509 713 1660 793 agnoseit.

87 811 157 872 ditur
170 825 323 888 expresse.
339 813 453 872 Tarius
467 818 515 872 est
527 810 558 870 in
574 809 624 870 ait.
648 827 677 870 a.
697 807 840 868 Pastor-a·
933 809 1003 869 990.
1024 805 1158 868 Solvitur
1172 805 1323 879 iaetantia,
1337 804 1518 883 mandendo,
1534 823 1604 886 paor
1617 805 1664 884 el·

87 903 125 965 lie.
139 903 185 966 53.
200 903 231 964 h.
248 909 271 962 l.
288 901 479 977 ubidicitur,
496 901 579 980 qnod
594 919 649 978 per
663 901 745 960 hano
758 899 841 960 elaa-
894 902 988 982 satas
1001 899 1098 964 altae
1115 907 1249 980 operetur
1266 898 1396 960 clausola
1415 899 1478 960 illa.
1498 929 1540 946 -
1558 899 1660 960 Diaes.

86 997 184 1071 sulam,
204 996 379 1076 «qualibet
392 995 583 1076 provocatio,
598 1015 614 1052 ι
632 1011 688 1054 seu
703 991 840 1070 appella·
894 994 926 1055 Si
953 993 1021 1056 hee
1044 992 1204 1071 responsio
1229 991 1368 1054 subsistit
1387 1011 1395 1066 3
1425 1009 1500 1073 ergo
1523 993 1661 1053 clausula

86 1091 134 1162 tio,
153 1089 358 1167 iintelligitur
370 1088 537 1162 removeri,
558 1105 629 1165 qoae
649 1103 666 1146 a
685 1085 756 1162 jure
775 1101 839 1144 nou
895 1085 957 1160 illa,
980 1085 1215 1166 «appellatione
1229 1089 1361 1162 remota,
1377 1105 1392 1144 ιι
1414 1086 1531 1146 nullum
1552 1103 1663 1164 opera-

87 1181 252 1261 iodnlgetur
284 1199 457 1261 expresse:
486 1203 501 1241 ι
533 1183 565 1242 et
592 1182 837 1256 consequenter,
894 1178 978 1241 bitur
991 1179 1147 1241 effaetum.
1164 1179 1304 1240 Nsmvel
1325 1179 1493 1258 appellatio
1514 1185 1561 1239 est
1581 1178 1663 1240 laeta

88 1274 132 1336 nbi
145 1275 209 1336 ιιι
222 1293 242 1336 ιι
256 1275 328 1354 jure
351 1275 531 1336 aonoeditur
554 1290 711 1352 expresse,
735 1269 839 1332 loaum
894 1271 962 1334 sine
976 1289 1082 1345 eausa,
1106 1279 1140 1333 et
1161 1272 1206 1333 eie
1228 1275 1378 1351 tanquam
1401 1270 1509 1332 irirala
1532 1277 1660 1332 aoetero·
1688 1301 1699 1324 ο

88 1367 212 1430 liobam.
894 1364 969 1442 quin
983 1363 1060 1425 nihil
1074 1365 1166 1436 valet,
1182 1364 1232 1426 ait.
1254 1381 1281 1426 a.
1305 1363 1480 1426 Pastarale'e.
1504 1367 1555 1426 ee.
1580 1366 1611 1424 lr.
1637 1370 1659 1424 t.

121 1463 182 1522 983.
204 1458 385 1538 deserantur
399 1458 470 1522 tales
482 1475 574 1520 casae.
596 1485 635 1504 -·
657 1455 752 1517 Porro
773 1453 840 1534 plu·
894 1466 925 1519 et
939 1476 966 1519 a.
984 1457 1059 1520 Cam
1073 1457 1323 1539 appellationibus.
1341 1458 1410 1520 eod.
1432 1457 1463 1518 in
1487 1461 1517 1520 0.
1540 1458 1595 1520 Vel
1615 1465 1663 1520 est

89 1571 130 1613 res
143 1559 211 1614 suut
225 1570 326 1626 nasus,
342 1554 375 1613 in
389 1551 502 1631 quibus
512 1552 583 1630 jure
601 1567 747 1629 expresso
768 1565 840 1608 aon·
893 1551 975 1634 laeta
998 1569 1036 1612 ex
1058 1569 1152 1612 eausa
1175 1555 1207 1613 et
1225 1552 1312 1630 justo
1335 1553 1534 1630 gravamine3
1564 1555 1597 1612 et
1619 1551 1663 1612 sia

89 1644 203 1705 cedente
216 1643 335 1704 linitum
350 1647 397 1703 est
410 1642 579 1722 appellare,
599 1639 683 1700 haud
697 1638 840 1700 obstante
890 1642 980 1720 juxta
994 1641 1135 1720 proxime
1148 1641 1230 1704 diota
1244 1641 1363 1704 admitti
1382 1641 1509 1704 debebit
1528 1643 1664 1722 appella-

89 1736 212 1796 olausula
226 1735 290 1808 illa,
310 1755 325 1792 ι
338 1733 547 1814 appellatione
565 1738 698 1806 remota,
721 1753 736 1790 ι
762 1747 840 1810 quoa
894 1735 948 1813 tio,
964 1735 1183 1798 nonobstante
1198 1736 1249 1796 illa
1270 1736 1427 1808 clausula3
1452 1753 1539 1816 erga.
1563 1737 1657 1812 ltssp.

89 1829 170 1890 referi
189 1828 294 1890 Gloesa
317 1829 369 1892 eit.
395 1847 421 1889 a.
447 1825 620 1889 Paroraia.
643 1827 694 1887 53.
719 1828 749 1901 l.
771 1823 841 1884 Ea·
894 1847 966 1906 neg.
983 1847 1050 1908 seq.
1065 1829 1141 1900 Quia
1156 1828 1307 1908 imprimis
1321 1829 1389 1890 hmo
1402 1830 1540 1890 olausula
1549 1831 1580 1890 id
1589 1845 1662 1908 ope·

88 1940 179 2002 presse
195 1923 225 1983 h.
250 1928 272 1984 t.
298 1921 349 1983 Sia
371 1921 471 2002 primo
493 1937 638 2000 expresse
662 1917 841 1997 indulgetur
894 1929 991 1998 ratur,
1008 1927 1041 1984 ut
1055 1922 1232 2002 appellatio,
1249 1922 1548 2002 etiem-ceteroquin
1561 1923 1659 2002 justa,

90 2017 250 2095 appellatio,
265 2035 330 2077 non
341 2017 482 2079 obstante
492 2017 545 2078 illa
555 2015 704 2088 clausula,
717 2011 849 2093 quondo,
895 2015 1015 2080 admitti
1030 2035 1092 2078 non
1107 2016 1231 2094 debeat,
1246 2016 1306 2076 nisi
1320 2017 1360 2078 de
1370 2033 1464 2078 aenea
1474 2017 1662 2097 gmramirris

87 2111 317 2191 juderdenegat
336 2111 468 2190 spoliato
490 2110 719 2174 restitutionem
738 2106 838 2186 spolii,
894 2117 985 2172 antea
1009 2112 1210 2190 exprimatur,
1235 2117 1329 2190 alque
1356 2117 1484 2190 propter
1512 2128 1582 2172 eam
1609 2129 1663 2173 ex-

89 2222 147 2282 arg.
161 2222 186 2264 a.
202 2204 481 2286 Eacanqaestiaae.
503 2203 538 2266 de
564 2203 698 2266 Berotai.
721 2199 838 2281 spoliat.
894 2221 1001 2282 presse
1016 2205 1047 2266 in
1062 2205 1134 2282 jure
1157 2204 1285 2265 aonaedi
1306 2204 1548 2284 appellationem
1572 2221 1663 2283 repe·

88 2295 194 2356 Deinde
208 2298 506 2378 quandodelegatos
525 2303 572 2359 est
591 2295 840 2374 consanguineus
893 2299 1009 2358 matur:
1034 2301 1070 2358 ut
1090 2297 1121 2358 d.
1145 2315 1173 2359 a.
1197 2297 1370 2360 Paetoralis.
1396 2299 1447 2358 53.
1473 2299 1506 2358 h.
1532 2305 1555 2358 t.
1584 2297 1660 2356 Cum

89 2389 156 2466 ejus,
171 2392 221 2468 qui
233 2391 354 2452 litteras
367 2391 552 2470 impetravit,
568 2389 693 2451 natiuit
707 2387 841 2450 advooa-
894 2399 999 2454 tamen
1012 2392 1200 2470 caeteroquin
1214 2410 1233 2450 a
1247 2389 1408 2452 diffinitiva
1431 2389 1585 2451 sentemia
1608 2389 1661 2448 ab·

89 2483 131 2540 lus
143 2481 234 2560 ipsine
247 2485 280 2544 iu
294 2484 407 2546 eedem
421 2503 525 2562 eausa,
545 2486 597 2547 vel
616 2503 655 2546 ex
675 2483 736 2544 alia
756 2481 840 2560 justa
895 2486 995 2547 solute
1009 2484 1127 2547 linitum
1141 2483 1181 2546 sit
1201 2485 1369 2563 appellare,
1396 2483 1480 2544 nulla
1503 2483 1535 2542 in
1557 2482 1661 2561 speeie

88 2591 170 2634 eausa
183 2582 344 2656 suspectus
358 2584 414 2650 est,
430 2577 541 2656 poterit
555 2579 582 2638 is
595 2577 751 2638 recusari:
769 2579 801 2636 et
814 2577 839 2638 si
898 2595 1042 2658 expressa
1056 2595 1149 2658 eausa
1164 2577 1362 2658 gravaminis,
1379 2583 1413 2638 ut
1434 2575 1551 2638 dietam
1569 2593 1663 2654 supra

87 2684 142 2726 uon
153 2669 215 2731 nult
229 2671 393 2733 admittere
414 2672 653 2744 recusationem,
675 2673 779 2749 potest
800 2666 841 2728 ah
895 2673 956 2751 §t
973 2691 1004 2734 n,
1022 2673 1090 2734 108.
1107 2672 1215 2752 lingat,
1230 2671 1262 2731 h.
1281 2678 1301 2732 ι.
1317 2688 1350 2732 n.
1366 2671 1417 2734 36.

87 2779 121 2820 eo
133 2765 284 2842 appellari,
301 2765 444 2843 quemvis
458 2765 516 2826 sub
531 2765 682 2837 alaosule,
701 2785 717 2822 a
736 2760 842 2840 appel·
934 2767 1003 2826 991.
1019 2793 1059 2810 -
1073 2763 1191 2824 Deinde
1206 2761 1346 2823 clausule
1360 2763 1429 2823 hmo
1446 2763 1481 2825 id
1501 2769 1658 2843 operatur,

86 2856 189 2918 latione
201 2867 333 2933 remota,
353 2881 368 2918 ιι
385 2859 479 2920 luerit
497 2859 556 2938 ipsi
574 2857 735 2938 negotium
756 2871 841 2914 aom-
895 2861 930 2917 ut
942 2856 1108 2936 appellatio
1124 2855 1306 2934 interposita
1324 2855 1424 2932 (extra
1441 2873 1532 2918 aasus
1551 2875 1571 2917 a
1588 2857 1662 2935 jure

85 2949 211 3027 missum,
227 2971 254 3014 a.
271 2953 433 3015 Postremo.
455 2955 505 3014 36.
529 2951 564 3014 de
583 2950 736 3032 Appellat.
759 2951 841 3012 Ulte-
896 2948 1070 3027 expressos)
1084 2965 1148 3006 nau
1162 2936 1333 3024 s'uspeudat
1349 2947 1594 3025 jurisdictionem
1611 2949 1663 3027 ju-

85 3043 141 3104 rias
161 3051 261 3124 poiest
282 3047 430 3126 appellari
453 3065 515 3108 non
538 3045 680 3107 obstante
703 3045 842 3107 clausula
896 3040 973 3102 dieis
986 3059 1005 3100 a
1018 3058 1097 3120 qao:
1111 3039 1194 3100 unde
1218 3039 1275 3100 ista
1297 3057 1361 3101 nou
1383 3041 1505 3120 angitur
1524 3042 1663 3121 appella-

86 3137 141 3214 illa,
155 3140 295 3220 sipartee
309 3142 441 3203 aitantm
455 3140 496 3201 ad
512 3141 618 3201 laeum
639 3156 704 3199 aon
727 3145 840 3212 tutum,
896 3135 973 3198 lioni
999 3135 1140 3208 deferre,
1167 3137 1331 3214 potestque
1358 3135 1545 3198 seutentiam
1571 3153 1662 3198 suam
1749 3149 1750 3152 ’

85 3249 111 3292 ι.
124 3231 277 3314 Expone.
292 3237 342 3295 ll.
358 3232 391 3294 o.
406 3237 430 3295 t.
450 3235 605 3295 Teneatm
622 3230 674 3294 ulii
695 3229 843 3292 consimi-
895 3228 1045 3290 mandare
1060 3228 1253 3302 ιιιιιιιίοιιίς
1270 3227 1492 3291 nonobstante
1506 3227 1588 3291 laete
1609 3247 1662 3308 ap·

85 3325 233 3388 lescasus.
895 3322 1082 3402 pellstione3
1101 3328 1269 3401 antequam
1291 3327 1320 3384 ι’
1334 3321 1493 3403 superiore
1517 3339 1555 3384 ex
1577 3330 1662 3384 aeria

119 3423 183 3484 939.
203 3421 299 3504 Atque
312 3419 391 3484 atad
402 3420 562 3502 ampliatur
570 3418 612 3481 ad
620 3437 731 3480 ornem
740 3419 843 3500 appel·
896 3417 1026 3479 seientia
1039 3415 1205 3496 reeipietur
1224 3415 1377 3496 ejusmodi
1396 3415 1574 3495 appellatio.
1596 3414 1660 3477 Ab·

85 3511 838 3598 monem,enpreaajureadmieam.-Reep.11.
895 3509 953 3571 bae
966 3510 1018 3572 ait.
1033 3527 1061 3570 a.
1077 3508 1251 3572 Pastoralis.
1268 3527 1299 3571 n.
1315 3512 1345 3572 9.
1361 3507 1393 3570 h.
1406 3515 1429 3570 t.
1440 3508 1523 3571 istud
1533 3509 1662 3570 ulterius

84 3604 143 3666 lion
164 3609 284 3681 solum,
319 3608 445 3688 qnarmo
467 3607 516 3684 jue
539 3623 685 3685 expresse
707 3603 841 3666 admittit
896 3604 1030 3684 probans
1045 3621 1083 3664 ex
1097 3621 1123 3664 a.
1141 3603 1314 3664 Paetaralie.
1331 3606 1380 3666 93.
1399 3607 1429 3680 l.
1453 3603 1610 3664 Praeterea.
1626 3601 1662 3664 de

84 3700 327 3776 appellationem,
342 3701 426 3763 haud
440 3700 582 3764 obstante
596 3699 747 3774 alausula,
763 3717 840 3778 eap-
897 3695 985 3778 Osfie.
999 3695 1123 3775 delegat.
1139 3695 1192 3756 ubi
1202 3696 1340 3757 alausula
1349 3695 1413 3774 ille,
1428 3695 1661 3777 «appellatione

82 3793 235 3868 pelletana
249 3801 427 3869 remotam
450 3796 505 3856 sed
529 3794 716 3876 generaliter
740 3792 840 3854 omnis
895 3793 1024 3860 remota,
1054 3811 1069 3848 ιι
1098 3807 1189 3850 suum
1213 3795 1359 3868 operatur
1380 3789 1535 3867 effectum,
1558 3788 1661 3850 donee

80 3888 250 3965 appellatio,
265 3889 456 3968 ceteroquin
469 3908 488 3949 a
499 3889 570 3967 jure
583 3887 767 3966 approbata,
792 3884 839 3944 vi·
894 3885 1045 3963 superior,
1060 3902 1116 3945 seu
1135 3901 1226 3964 papa,
1248 3885 1491 3964 appellationem
1510 3903 1529 3944 a
1549 3884 1661 3944 diffini-

83 3980 254 4046 deturtnne
274 3982 446 4061 premissa,
470 3981 543 4043 lieet
561 3981 634 4059 jura
655 3997 718 4040 non
740 3978 840 4057 expri·
893 3978 968 4054 live,
983 3997 1021 4044 ex
1040 3986 1126 4042 aerta
1149 3978 1278 4040 scientie
1299 3979 1437 4059 recipiat.
1459 3977 1545 4040 Idem
1564 3979 1661 4042 tradit

81 4077 161 4133 mant
172 4091 290 4148 assam,
306 4073 395 4152 quod
408 4073 576 4152 appellatio
591 4072 630 4134 eit
647 4075 779 4134 remota.
794 4073 839 4132 lla
893 4069 1037 4153 l’irlsing,¹
1048 4074 1080 4134 h.
1096 4075 1120 4134 t.
1134 4089 1167 4131 n.
1183 4072 1233 4132 re.

80 4164 253 4240 llosiiensis,
264 4166 296 4226 in
307 4167 339 4228 d.
350 4185 378 4228 ι.
393 4165 566 4228 Pastorolls.
584 4169 615 4242 t.
631 4165 790 4246 Eapreese.
809 4169 839 4225 et
932 4169 1001 4228 999.
1017 4199 1058 4215 ·-
1072 4165 1319 4228 llaeedittertius
1338 4163 1427 4227 dicte
1449 4156 1600 4226 eladsulee'
1617 4164 1662 4227 ef·

79 4257 188 4333 lotas,
198 4259 274 4322 ibid.
285 4281 317 4323 ιι.
331 4265 380 4324 ll.
395 4261 493 4324 aimus
506 4263 650 4322 doatares
669 4257 839 4320 eommuni-
892 4258 1007 4341 faetus,
1018 4259 1073 4320 sed
1088 4276 1126 4319 ex
1140 4255 1328 4338 precedenti
1348 4275 1563 4338 consequens:
1586 4261 1660 4340 quia

79 4356 141 4425 ter;
158 4372 192 4416 aa
205 4355 344 4434 sequitur
365 4355 502 4434 Pirlring,
525 4354 593 4416 int.
618 4371 651 4414 ιι.
675 4355 725 4414 70.
749 4349 837 4414 Ratio
893 4357 1043 4416 attentata
1057 4372 1076 4413 a
1086 4352 1193 4432 J'udiae
1204 4371 1224 4413 a
1237 4371 1294 4433 qao
1307 4361 1377 4433 post
1390 4352 1544 4430 ejusmodi
1555 4355 1661 4432 appel-

78 4453 134 4523 est,
149 4447 219 4526 qnia
233 4449 294 4510 hoo
306 4450 385 4528 ipso,
401 4448 485 4528 quod
495 4447 567 4528 jura
586 4445 765 4526 permittant
783 4463 838 4524 ap-
892 4449 1040 4510 lationem
1055 4465 1117 4508 non
1132 4450 1318 4510 revoeautur
1334 4465 1354 4508 a
1372 4447 1478 4525 jadias
1498 4450 1660 4528 superiore

77 4539 198 4618 pellere,
214 4543 384 4622 garaman
406 4542 527 4605 videtur
548 4539 767 4602 manileatum:
793 4543 839 4600 at
893 4557 949 4619 per
961 4540 1043 4602 mam
1057 4541 1216 4617 nullitatia,
1232 4540 1288 4602 sad
1302 4541 1403 4601 solun
1417 4559 1473 4621 per
1488 4542 1570 4602 viam
1584 4561 1660 4622 que-

76 4634 127 4710 qui
141 4635 269 4697 remotio
282 4635 499 4716 appellationis
512 4651 576 4697 noa
589 4633 719 4714 impedit
732 4632 840 4713 appel·
893 4635 976 4696 rela.
993 4635 1081 4696 Retio
1096 4641 1152 4709 est,
1169 4633 1253 4714 quia,
1270 4651 1308 4694 ex
1323 4651 1384 4712 qao
1399 4651 1464 4696 non
1475 4636 1577 4698 inerat
1590 4653 1662 4698 sus-

74 4727 229 4803 lationem‚
245 4729 298 4792 abi
313 4729 383 4808 quis
397 4729 559 4792 manileste
574 4732 736 4809 gravatur,
748 4728 839 4805 justa
893 4745 990 4806 peasa
1007 4727 1180 4806 jurisdictio
1199 4728 1312 4807 judicie
1334 4748 1353 4788 a
1374 4746 1434 4810 pisa
1458 4747 1515 4809 per
1543 4731 1659 4792 dietam

73 4821 208 4882 illaesam
222 4841 250 4883 e.
267 4821 322 4884 Ea·
335 4823 543 4904 amqreeea'one.
561 4825 609 4886 lO.
635 4825 666 4898 l.
693 4820 765 4882 Post
789 4839 840 4900 op·
894 4820 1148 4902 appellationem,
1163 4823 1332 4883 tenuerunt
1345 4829 1431 4902 gesta
1451 4823 1492 4884 ab
1514 4825 1602 4904 ipao;
1627 4828 1659 4885 et

71 4911 251 4991 pellatreoem
264 4913 302 4978 de
314 4915 451 4978 Restitat.
461 4917 579 4998 spoliat.
590 4934 677 4997 ergo.
689 4917 837 4995 Exempla
893 4921 1118 4993 consequenter
1132 4914 1192 4976 hoe
1205 4916 1272 4995 ipso
1286 4924 1445 4995 nequeunt
1454 4919 1591 4980 revoaari
1603 4935 1659 4996 per

72 5006 164 5085 hujus
184 5009 342 5072 hahentur
362 5009 394 5070 in
418 5027 446 5071 a.
468 5007 839 5092 &aeternaitatem
894 5009 975 5068 viam
989 5009 1155 5070 nullitstis:
1171 5009 1242 5072 lieet
1255 5012 1407 5089 possiota
1428 5013 1588 5091 superiore
1611 5027 1659 5071 re·

70 5097 217 5180 Appellat.
234 5101 287 5162 nbi
302 5101 384 5162 lioita
398 5102 535 5180 appellat
548 5119 633 5179 reas,
650 5100 675 5162 si
697 5117 760 5162 nau
780 5118 837 5162 an·
894 5101 998 5164 vanari
1012 5102 1163 5182 perviam
1183 5105 1328 5182 querelae,
1354 5105 1408 5165 ahi
1429 5108 1661 5185 eognosauntur

71 5189 164 5264 ditur,
174 5199 282 5272 petens
292 5192 442 5256 declarari
451 5211 519 5255 rem
529 5194 658 5273 petitam
672 5192 705 5252 iu
718 5189 836 5266 libello,
893 5193 1051 5255 oondnere
1075 5194 1210 5273 aliquam
1233 5196 1439 5276 iniquitatem,
1468 5215 1524 5258 seu
1547 5215 1658 5276 grava-

71 5285 251 5358 odversarii,
265 5305 296 5347 n.
312 5305 343 5366 g.
360 5303 454 5364 quam
468 5290 585 5349 terram
599 5288 685 5348 nator
699 5289 785 5363 petat
806 5285 837 5346 io
894 5304 966 5348 men
980 5285 1138 5367 injustum.
1153 5287 1258 5350 Abhas
1272 5291 1322 5351 aii.
1335 5308 1363 5352 a.
1375 5289 1547 5352 Paetoralie.
1560 5311 1592 5356 ιι.
1606 5297 1655 5357 ll.

14 5455 16 5468 .
72 5377 187 5454 libello,
203 5379 229 5440 ei
244 5381 327 5451 llam
341 5379 446 5458 plures
458 5387 558 5443 terras
570 5380 695 5444 hebeat.
714 5383 790 5444 ltem
809 5399 837 5444 a.
896 5381 926 5440 h.
942 5383 964 5442 t.
979 5397 987 5452 ;
1004 5379 1141 5458 Pirhing,
1157 5379 1227 5443 eod.
1244 5399 1276 5444 n.
1292 5385 1342 5444 75.
1361 5382 1415 5443 llis
1429 5382 1510 5445 adde
1530 5393 1659 5450 eaetems

75 5469 123 5534 ild
140 5469 395 5543 mammotreti.
414 5478 445 5537 et
464 5489 493 5539 a.
508 5471 717 5561 significante,
730 5475 763 5536 l.
777 5479 836 5538 ete.
894 5473 1242 5554 effeameupranaoa.
1253 5482 1285 5537 et
1298 5491 1387 5556 seqq.
1399 5475 1467 5554 jam
1480 5493 1654 5561 expressos.
