4080 6064
358 278 459 360 §vlt
482 282 533 344 ou
552 279 734 346 amusos
751 279 791 344 ιιι
812 277 1133 356 russurrensis,
1154 281 1229 346 van
1249 282 1456 362 nconnsrm
1477 283 1558 362 nro.
1714 285 1748 346 ιι

162 415 196 478 in
209 414 537 496 mansuetudinem
550 413 777 489 &clusinum
792 414 936 498 proutli·
1027 417 1095 478 913.
1123 414 1324 480 Unioerrinnt
1351 425 1441 492 runt,
1466 438 1525 481 non
1551 419 1752 502 cimbrum,

162 511 275 576 mitent
287 517 434 574 aucmrss
447 511 587 592 proxime
599 512 695 578 citati.
988 527 1054 591 quae
1071 517 1139 572 sent
1160 511 1332 572 communio.
1350 542 1389 558 -
1401 511 1755 578 Ratio-fundamentalis

202 609 274 670 2ll.
296 608 350 670 An
367 605 484 688 puriter
498 605 628 688 illi-qui
645 609 854 674 commembra
867 611 935 672 uui
989 610 1058 694 est:
1075 603 1148 684 quia
1179 605 1258 666 isles
1280 623 1391 668 revera
1413 623 1476 668 non
1498 605 1601 669 lerunt
1620 607 1756 668 testimo-

163 698 310 762 mictu
322 697 484 775 sucnlnris,
508 695 619 778 possint
630 717 688 762 esse
702 709 786 764 astes
798 702 829 764 in
846 721 934 766 causa
979 699 1073 761 niam
1088 699 1120 759 in
1134 699 1258 780 propria
1279 717 1376 762 cansa
1393 699 1482 779 juxta
1500 699 1575 761 illud
1594 702 1616 762 l.
1639 701 1756 763 Inton-

160 791 325 874 q'vsdem?
362 793 573 874 Proponuntnr
608 795 734 858 ronasce
769 796 932 872 dubitandi,
988 801 1061 855 turn
1077 793 1110 854 a.
1125 791 1284 856 delicium
1306 791 1391 856 diuis.
1416 793 1470 855 ubi
1493 793 1605 857 dicitnr
1624 813 1630 858 :
1652 794 1755 859 allui-

160 905 196 950 ιιι
209 887 380 967 mmm
392 885 515 948 mendi.
529 918 569 934 -
583 886 738 959 Q'unritur
749 891 799 954 lll.
815 893 863 954 nn
877 909 933 971 pn
987 887 1139 950 versitatis
1162 893 1245 965 arnt,
1270 903 1335 947 non
1358 886 1562 967 singulomm,
1585 905 1655 968 qusc
1669 907 1754 950 oom-

160 981 306 1054 n'tsrdli,
322 982 377 1060 qui
392 981 617 1044 suntmembra
632 982 764 1062 adonius
781 983 935 1048 univcrsi-
988 978 1097 1040 munia
1121 985 1193 1040 sunt
1219 978 1377 1041 civitatum
1400 995 1407 1038 ι
1434 980 1507 1060 >et
1529 985 1755 1058 consequenter

161 1077 235 1140 tntis
262 1075 424 1140 waslaris
445 1093 475 1138 v.
502 1095 531 1156 g.
557 1076 697 1151 civitatis,
726 1079 845 1160 oppidi,
873 1086 934 1142 etc.
988 1090 1083 1135 rausa
1104 1071 1321 1148 universitatis,
1346 1089 1410 1134 non
1433 1075 1481 1134 est
1500 1090 1596 1136 cansa
1615 1072 1757 1152 singulo·

161 1171 286 1248 possint
298 1187 370 1232 asse
383 1175 478 1232 testes
491 1168 524 1230 in
543 1169 740 1234 causedicis
754 1173 935 1236 universita·
988 1183 1068 1230 rann.
1095 1166 1221 1230 Accedit
1232 1171 1338 1228 textus
1350 1165 1384 1226 in
1399 1165 1421 1226 l.
1438 1164 1534 1228 Sicut.
1551 1167 1584 1231 ff.
1606 1167 1665 1228 nSi
1678 1165 1754 1246 qnid

162 1265 224 1327 list
236 1263 330 1328 Ratio
344 1262 517 1337 dubitandi,
536 1282 573 1326 ac
595 1266 774 1342 negativam
794 1265 933 1340 tenendi,
988 1259 1196 1324 universitatis
1210 1260 1328 1322 nomin.
1345 1280 1361 1318 n
1377 1260 1437 1322 illis
1451 1259 1580 1323 verbis:
1607 1281 1621 1320 n
1635 1262 1666 1324 Si
1681 1261 1756 1342 quid

163 1362 214 1422 est
239 1377 248 1420 :
278 1359 354 1436 qnia
381 1359 455 1437 jura
477 1375 508 1420 ιι.
531 1360 602 1422 197.
625 1359 771 1440 allegata,
793 1365 828 1424 et
847 1361 935 1424 cleri-
989 1354 1180 1420 universitati
1202 1353 1345 1424 debetur,
1370 1353 1500 1435 singulis
1519 1372 1585 1415 nun
1611 1354 1752 1418 debetur.

163 1469 217 1513 eos
230 1450 272 1512 ad
293 1450 507 1526 testimoninm
526 1449 560 1512 in
579 1453 685 1514 causis
706 1471 772 1514 snae
788 1455 935 1518 llmlesin
988 1465 1047 1512 nec
1062 1449 1146 1529 quod
1159 1448 1255 1510 debet
1268 1447 1463 1522 universitas,
1478 1446 1589 1527 singuli
1600 1447 1752 1522 debentp

162 1545 372 1620 admittentia,
404 1544 507 1606 sulum
540 1544 712 1625 loquuntur
734 1548 775 1610 de
802 1549 932 1622 clericis,
988 1543 1088 1620 Unde,
1119 1543 1203 1622 qnod
1231 1544 1279 1604 est
1301 1558 1467 1604 commune
1490 1541 1522 1602 in
1544 1543 1753 1620 universitate,

160 1639 202 1700 de
229 1638 346 1718 quibus
373 1641 482 1717 utpote
511 1640 579 1700 Deo
613 1640 792 1718 specialiter
825 1659 936 1704 conse-
987 1637 1092 1699 nullus
1100 1642 1202 1718 potest
1215 1635 1412 1716 singulariter
1426 1635 1530 1698 dicere
1547 1655 1554 1698 :
1570 1637 1673 1698 tticum
1688 1642 1751 1712 est;

160 1734 269 1804 cretis,
296 1732 347 1794 vel
367 1737 494 1812 propter
518 1733 619 1794 Deum
648 1733 752 1796 omnia
780 1740 936 1818 tempora·
989 1731 1127 1811 quinimo
1142 1731 1205 1794 ists
1238 1736 1309 1791 sunt
1340 1729 1505 1806 connata,
1535 1729 1663 1802 scilicet,
1686 1747 1755 1792 esse

159 1827 207 1890 lia
218 1826 479 1906 relinquentibus,
500 1827 601 1904 magis
619 1830 829 1906 praesumitur,
851 1831 936 1910 qrrod
989 1825 1195 1905 singulorum,
1210 1827 1252 1900 et,
1269 1841 1338 1886 esse
1352 1823 1589 1898 ursiversorum3
1606 1823 1756 1902 quianon

159 1920 195 1982 in
209 1938 306 1982 causa
319 1938 384 1982 sum
398 1919 542 1982 Ecclesiae
551 1921 936 2002 nolintpsjorare,lalsnm
988 1922 1092 2000 potest
1115 1936 1183 1980 esse
1205 1917 1340 1998 plurium
1354 1917 1386 1976 in
1401 1916 1547 1992 solidum,
1561 1923 1652 1998 prout
1666 1934 1756 1998 urgu-

160 2011 343 2074 attestando
364 2029 374 2074 ε
398 2013 563 2092 simulque,
592 2013 664 2092 quia
691 2015 794 2078 clenni
815 2017 935 2082 ratione
989 2017 1145 2074 mentatnr
1159 2011 1273 2074 Baldns
1287 2011 1338 2072 cit.
1354 2029 1388 2074 n.
1403 2015 1433 2073 t.

160 2106 246 2168 sacri
268 2105 389 2168 ordinis
412 2109 580 2170 censentur
592 2111 689 2172 testes
702 2109 803 2186 magis
816 2110 933 2190 idonei,
1028 2106 1098 2166 stt.
1122 2101 1242 2178 Quando
1255 2101 1356 2182 opiter
1369 2100 1406 2164 de
1418 2099 1581 2176 donatione,
1597 2101 1643 2164 oel
1661 2099 1756 2182 leputo

160 2217 262 2276 quam
273 2198 345 2260 laici
356 2199 443 2278 juxta
458 2199 539 2262 diota
554 2201 697 2280 superios
715 2203 796 2282 §vt
813 2223 845 2266 n.
863 2209 932 2270 160.
988 2193 1067 2274 facto
1080 2195 1206 2276 cuspium
1222 2193 1421 2270 um'uersitcti,
1431 2192 1519 2255 etism
1532 2193 1676 2265 saeculari,
1689 2213 1758 2276 pos·

159 2291 284 2354 Deinde
298 2293 374 2370 qnia
391 2292 524 2354 anulus
537 2293 770 2360 idoneustsstts
783 2297 816 2359 ia
830 2317 864 2362 re
879 2319 936 2362 m
988 2297 1121 2352 suntesse
1135 2295 1226 2361 testes,
1241 2285 1486 2368 quisuntdeillu
1503 2287 1699 2350 spinositate.
1717 2320 1757 2336 -
1823 2307 1826 2314 ·

160 2385 399 2459 intelligitus»
428 2384 518 2464 jnxts
543 2390 662 2450 textam
695 2407 881 2468 expressum.
904 2395 938 2456 in
989 2383 1055 2443 Hoc
1069 2383 1171 2461 ipsum
1186 2379 1361 2446 declaratur
1379 2379 1569 2444 inductione.
1593 2382 1642 2444 Sic
1655 2387 1758 2464 potest

160 2496 234 2540 csn.
251 2477 290 2541 Si
302 2484 393 2540 testes.
409 2477 559 2558 §Nullan
575 2481 637 2561 st§
652 2479 801 2547 Omnibus.
816 2489 846 2547 1.
862 2506 893 2567 q.
903 2491 933 2550 3.
989 2475 1058 2555 quis
1073 2493 1142 2537 esse
1157 2475 1255 2552 testis,
1270 2474 1323 2554 qui
1338 2480 1385 2536 est
1392 2473 1432 2536 de
1443 2474 1655 2552 universitate,
1664 2477 1759 2540 etism

161 2569 230 2631 stl.
247 2569 368 2644 Nullus,
384 2569 415 2631 a
431 2568 465 2632 h.
481 2575 505 2632 t.
520 2589 593 2634 cum
606 2572 759 2638 similibus
778 2596 785 2638 :
801 2578 861 2641 hoo
881 2598 935 2642 au·
989 2567 1141 2640 Sfflsslllflris
1168 2565 1293 2646 ‘luando
1315 2565 1417 2646 agitur
1440 2565 1479 2627 de
1507 2566 1683 2642 d⁰fl850¹102
1708 2571 1762 2632 th

161 2668 227 2724 tem
248 2661 373 2724 videtur
389 2661 476 2737 fieri,
491 2681 563 2726 cnm
578 2665 743 2730 saculares
757 2669 936 2752 inparticu.
988 2660 1090 2742 legato
1117 2659 1219 2722 eidem
1242 2659 1432 2722 universitati
1456 2660 1575 2724 relicto.
1599 2661 1758 2742 Siquidem

161 2755 222 2816 lari
236 2756 442 2834 sintcapaces
457 2755 584 2818 dominii
600 2757 700 2838 (qood
715 2780 810 2826 secus.
826 2768 936 2832 uncidin
988 2755 1096 2818 titulus
1119 2753 1305 2826 donationis,
1328 2772 1384 2816 seu
1404 2754 1501 2818 relicti
1526 2754 1559 2816 in
1583 2755 1689 2820 ultima
1703 2775 1759 2820 vo-

161 2847 196 2908 in
209 2843 420 2926 regularibus)
440 2851 473 2910 ct
494 2849 615 2912 bonum
634 2856 863 2922 communitatis
886 2879 935 2922 ro.
987 2846 1121 2922 luotste,
1135 2864 1199 2908 non
1214 2847 1382 2926 acquiritur
1396 2848 1536 2928 singulis,
1552 2848 1608 2910 sed
1621 2848 1675 2910 toti
1691 2848 1757 2910 uni·

162 2937 286 3002 daudet
298 2939 331 3000 iu
346 2939 469 3020 singula
482 2944 623 3006 membra
632 2946 711 3026 ejus.
722 2950 861 3018 Tandem
874 2957 934 3018 tes-
987 2941 1136 3015 versitati
1151 2943 1173 3002 l.
1189 2941 1245 3004 ult.
1261 2959 1288 3002 c.
1304 2939 1340 3004 de
1353 2939 1540 3004 Sneroscnet.
1558 2941 1672 3006 Euclea
1690 2942 1754 3007 etl.

161 3031 331 3092 timonium
354 3031 562 3096 domesticum
586 3039 716 3116 utroque
734 3041 805 3118 jura
827 3061 938 3122 repro.
988 3033 1174 3098 Civitatibus.
1190 3034 1224 3100 ti.
1240 3033 1277 3096 de
1291 3033 1409 3116 Leporis
1421 3037 1446 3098 Ι.
1470 3035 1523 3098 ubi
1537 3035 1628 3108 illud,
1645 3058 1660 3094 a
1674 3037 1758 3117 quod
1884 3085 1888 3096 .

160 3125 274 3198 butun
290 3133 325 3186 ut
342 3124 394 3188 cit,
415 3144 486 3189 can,
502 3126 541 3190 Si
553 3135 645 3191 terres,
662 3130 877 3214 §Elmmjm
893 3137 935 3197 oi-
987 3126 1028 3189 ad
1049 3127 1237 3189 divisionem
1258 3127 1452 3207 singulorum
1474 3128 1589 3190 civium
1615 3129 1758 3193 relictum

160 3218 227 3292 uili,
240 3221 272 3280 t.
288 3236 321 3297 q.
336 3220 366 3280 3.
383 3225 415 3281 at
425 3217 449 3280 l.
465 3223 496 3282 2.
512 3237 540 3281 c,
556 3219 588 3280 b.
604 3226 627 3281 t.
651 3239 722 3286 num
743 3229 934 3292 concordam.
987 3217 1090 3297 fnerit,
1106 3242 1124 3279 o
1141 3227 1286 3283 causetur
1299 3238 1368 3283 esse
1383 3221 1526 3284 relictum
1540 3221 1663 3287 civitati.
1680 3220 1758 3284 Feli·

159 3313 213 3376 tiis
230 3331 239 3374 :
255 3313 318 3375 tale
331 3314 438 3375 sutem
452 3313 575 3376 videtur
588 3333 656 3376 esss
671 3315 757 3392 illud,
774 3320 934 3398 quodfer·
986 3332 1048 3376 uus
1069 3332 1097 3376 c.
1122 3313 1256 3394 Insuper.
1281 3333 1315 3376 n.
1337 3317 1368 3376 9.
1392 3314 1425 3377 h.
1448 3321 1472 3377 t.
1496 3314 1674 3378 Farinacius
1703 3315 1754 3378 cit.

159 3412 212 3468 tur
227 3423 248 3466 a
260 3403 401 3466 membro
416 3405 624 3470 universitatis
648 3409 805 3476 sanatoris
818 3430 875 3491 pro
888 3413 934 3495 ip·
987 3409 1099 3486 quast.
1115 3409 1165 3469 60.
1182 3425 1214 3470 ιι.
1231 3411 1300 3470 472.
1326 3409 1466 3489 allegans
1486 3409 1639 3488 plurimos
1656 3407 1752 3482 elios;

159 3517 194 3560 sa
208 3501 321 3560 conus
334 3501 529 3560 extraneum.
544 3501 645 3579 Atqrm
659 3502 700 3564 ob
714 3502 783 3580 has,
805 3511 839 3568 et
860 3523 933 3568 oon·
987 3505 1018 3562 ct
1031 3499 1220 3562 concordant
1234 3500 1315 3563 dicta
1329 3501 1472 3581 superins
1486 3521 1517 3562 ιι.
1534 3505 1603 3565 199.

159 3589 280 3650 similes
301 3587 449 3662 rationes,
464 3606 526 3650 non
541 3588 654 3653 desunt
667 3591 811 3658 domares
834 3614 934 3676 oppo-
1025 3598 1097 3657 sis.
1117 3593 1200 3657 Idem
1227 3593 1378 3659 dicendum
1407 3595 1442 3658 dr
1469 3595 1639 3677 probatione
1664 3597 1756 3677 confi·

159 3683 256 3746 situm
276 3686 441 3756 &nentem
463 3685 593 3765 utAug.
610 3686 766 3749 Aretinus.
782 3690 881 3752 instit.
897 3689 935 3752 de
986 3687 1076 3752 nium.
1091 3687 1274 3767 -Deinde,
1291 3689 1415 3767 quando
1430 3690 1584 3770 agiturde
1598 3689 1756 3771 probatio-

159 3777 273 3840 amm
294 3775 379 3838 diora
405 3776 439 3838 in
456 3776 587 3855 princip.
604 3793 635 3838 ιι.
653 3781 683 3840 1.
698 3797 793 3859 quem
807 3769 933 3848 secutus
986 3799 1028 3842 ne
1040 3779 1221 3856 confinium,
1234 3781 1439 3876 admittuntqr
1451 3786 1548 3846 testas
1561 3784 1602 3845 de
1615 3801 1756 3845 commu·

160 3873 211 3932 est
231 3869 431 3930 Petrasancta
453 3869 573 3948 Singul.
593 3873 644 3932 91.
667 3879 749 3954 post.
765 3891 797 3934 n
813 3879 844 3937 t.
860 3894 932 3938 cum
985 3875 1082 3938 nitate
1099 3895 1106 3936 ι
1123 3875 1198 3954 quia
1210 3893 1273 3935 non
1285 3879 1439 3938 testantur
1451 3875 1485 3936 in
1497 3893 1531 3938 re
1546 3875 1681 3956 propria,
1698 3875 1754 3937 sed

164 3961 327 4024 nonnullis
349 3961 429 4036 aliis,
454 3979 533 4042 quos
554 3963 649 4026 refert
673 3966 854 4030 Farinacins
877 3967 929 4031 cit.
986 3965 1018 4026 in
1039 3984 1078 4029 ea
1101 3984 1171 4046 quae
1195 3972 1242 4028 est
1265 3966 1485 4041 universitatis,
1512 3966 1534 4028 l.
1564 3967 1602 4029 In
1629 3974 1752 4030 tantum.

159 4061 272 4136 qamt.
297 4057 348 4118 60.
371 4073 403 4116 n.
428 4058 498 4118 151.
524 4060 556 4119 et
575 4057 756 4122 Menocbios
776 4059 831 4122 lib.
846 4063 882 4124 ll.
898 4061 932 4123 de
985 4059 1003 4138 ἐ
1020 4057 1230 4122 Universitutis.
1247 4057 1280 4118 ff.
1296 4056 1332 4141 de
1346 4057 1457 4120 Iterum
1470 4057 1555 4120 diois.
1572 4065 1602 4119 et
1614 4059 1636 4118 l.
1652 4058 1714 4122 Sed
1726 4059 1754 4121 si

159 4147 315 4211 Arbitror.
334 4147 433 4229 judic.
457 4167 520 4210 cas.
545 4152 616 4214 106.
638 4170 671 4215 ιι.
696 4155 726 4216 6.
743 4152 860 4216 Verum
883 4153 931 4216 his
984 4148 1047 4212 tce.
1062 4151 1079 4230 §
1095 4149 1152 4226 (tui
1163 4150 1388 4232 manumittitur.
1404 4149 1437 4212 ff.
1458 4149 1501 4212 De
1515 4150 1545 4210 in
1556 4149 1610 4231 jus
1628 4151 1748 4214 coronel.

158 4239 444 4319 nonobstantibus,
985 4242 1165 4306 Menocbios
1178 4243 1213 4306 de
1225 4242 1377 4306 Arbitror.
1386 4243 1485 4325 judic.
1502 4261 1565 4306 cas.
1583 4246 1651 4306 106.
1671 4263 1703 4308 n.
1720 4249 1750 4308 5.

197 4337 271 4398 212.
292 4332 488 4415 Artemona
514 4337 653 4400 centennis
679 4345 721 4400 est
750 4339 930 4402 tenenda-
983 4335 1164 4400 Farinacins
1190 4337 1249 4399 loc.
1281 4336 1332 4400 cit.
1361 4355 1393 4398 n.
1418 4339 1487 4400 nn.
1512 4336 1690 4398 Mascardos
1716 4337 1752 4400 de

159 4429 256 4508 Resp.
271 4428 296 4488 l.
312 4427 413 4490 Etiam
431 4427 461 4488 in
486 4445 582 4492 cansa
602 4429 811 4495 universitatis
834 4449 931 4494 seecu-
987 4429 1107 4495 Prodat.
1124 4431 1223 4494 conel.
1238 4433 1308 4496 396.
1326 4450 1356 4494 u.
1372 4435 1402 4494 9.
1418 4449 1572 4508 asserens,
1588 4431 1669 4496 hanc
1684 4451 1752 4496 esse

158 4519 246 4594 laris,
271 4519 322 4582 vel
342 4520 470 4584 alterius
488 4522 663 4602 cujuslibet,
686 4527 817 4604 possunt
836 4530 930 4588 testes
984 4541 1182 4586 communem
1196 4525 1386 4608 opinionem.

159 4631 229 4677 essa
241 4613 299 4690 illi,
314 4614 369 4692 qui
383 4621 455 4676 snut
479 4613 518 4677 ds
537 4615 759 4692 universitate;
782 4617 873 4697 adso,
896 4623 931 4682 nt
1023 4619 1092 4680 916.
1115 4616 1160 4680 Et
1172 4615 1388 4698 depensans
1401 4615 1612 4680 consuetudinis
1624 4637 1681 4680 non
1693 4617 1752 4680 sol·

159 4707 242 4770 cives
255 4725 285 4768 v.
302 4724 336 4786 g.
349 4725 407 4786 pro
421 4723 478 4769 sua
491 4707 624 4783 civitate,
641 4709 788 4789 oppidani
801 4729 930 4790 pronao
983 4711 1068 4774 omui
1084 4708 1217 4788 ὀιιίιιιαι,
1240 4709 1378 4790 patulas.
1393 4741 1434 4757 -
1450 4711 1564 4790 Tertio,
1589 4715 1686 4775 testes
1708 4712 1748 4774 de

159 4799 275 4880 oppido
288 4797 332 4862 sd
345 4798 574 4862 testificandum
587 4800 799 4866 admittantur.
811 4805 857 4866 Ita
869 4803 929 4866 Ab
982 4805 1184 4868 universitate
1203 4805 1322 4868 admitti
1336 4804 1368 4866 in
1381 4804 1564 4886 probatione
1583 4810 1749 4870 consuetu-

158 4891 216 4954 bas
229 4893 262 4953 in
275 4910 306 4955 s.
322 4891 453 4973 Insuper.
470 4913 503 4954 n.
519 4897 548 4956 2.
565 4893 597 4956 h.
614 4901 637 4956 t.
656 4895 771 4957 Baldns
786 4915 814 4959 c.
834 4896 929 4958 Tertio
982 4897 1062 4960 dinis
1075 4914 1139 4958 non
1153 4897 1292 4958 solvendi
1306 4916 1334 4958 v.
1351 4916 1381 4977 g.
1404 4897 1552 4972 decimas,
1568 4898 1619 4960 vel
1639 4899 1747 4979 gabel-

158 4987 232 5050 loro.
246 5005 278 5049 ιι.
295 4993 326 5050 d.
341 4987 379 5050 de
392 4988 531 5066 Prodat.,·
543 4992 640 5054 lason
652 4992 674 5054 l.
691 4991 753 5055 Sed
758 4992 786 5054 n'
794 4991 848 5054 line
856 4993 925 5072 loqu.
980 4991 1038 5066 las,
1053 4991 1245 5056 affirmarunt
1258 4991 1384 5054 Felinus
1398 5009 1427 5053 c.
1442 4991 1591 5072 Insuper„
1602 5009 1633 5052 n.
1646 4996 1695 5054 t'l.
1710 4993 1744 5052 h.

158 5081 364 5161 §Petronius
380 5101 414 5144 ιι.
428 5087 459 5145 Ἰ.
475 5083 509 5144 u.
524 5081 568 5145 De
586 5083 618 5145 in
633 5084 689 5166 jue
708 5085 847 5163 umand.;
866 5087 927 5148 lde·
981 5091 1002 5146 t.
1013 5083 1230 5145 etFarinacins
1237 5085 1288 5146 cit.
1297 5090 1407 5164 qoaest.
1418 5087 1468 5146 60.
1478 5103 1511 5144 n.
1524 5087 1592 5147 scr.
1605 5084 1746 5164 allegans

160 5175 291 5237 nochins
309 5175 362 5236 cit.
379 5193 442 5237 cas.
459 5179 527 5240 106.
541 5195 574 5237 n.
591 5181 621 5240 6.
637 5183 670 5240 et
681 5195 769 5258 seqq,
784 5179 924 5242 Furinae.
981 5175 1075 5249 elios;
1099 5183 1131 5237 et
1153 5177 1343 5240 concordant
1356 5177 1437 5239 dicta
1457 5176 1599 5258 superius
1618 5195 1649 5239 n.
1673 5180 1745 5239 202.

160 5267 212 5330 cit.
228 5274 338 5348 quast.
354 5272 404 5333 60.
420 5268 455 5331 de
471 5268 578 5332 Testib.
592 5289 626 5332 n.
641 5274 712 5334 151.
727 5278 759 5334 et
772 5289 858 5352 seqq.
883 5273 928 5334 ci·
980 5271 1067 5345 ltem,
1096 5269 1175 5330 sicut
1201 5269 1287 5332 testis
1313 5269 1353 5332 de
1381 5269 1580 5334 universitate
1611 5269 1748 5334 admitti-

161 5363 232 5422 taus
251 5360 341 5438 alios,
366 5365 462 5441 etque
479 5362 561 5424 hanc
574 5362 807 5426 conclusionem
820 5364 926 5446 appel·
979 5369 1030 5426 tur
1049 5361 1089 5424 ad
1112 5361 1342 5426 testificandum
1363 5381 1419 5442 pro
1441 5379 1490 5437 sa,
1511 5362 1554 5423 ita
1576 5361 1670 5424 edam
1692 5363 1748 5426 ad·

161 5450 448 5532 leusvsrissivnavs,
462 5457 718 5520 sunnonem.
979 5453 1150 5520 munaum
1171 5462 1218 5522 est
1240 5462 1347 5520 matra
1368 5454 1469 5536 ipsam
1489 5474 1496 5517 :
1516 5457 1639 5524 austu
1662 5458 1746 5526 enim
