4008 6074
285 223 304 302 §
322 221 358 284 V.
380 221 432 284 DE
453 219 670 299 APOS'llOLlS,
694 221 766 284 SEU
786 219 953 288 LIBELLlS
973 221 1196 287 DlMlSSORllS
1217 224 1544 292 APPELLATIONUM.
1647 217 1704 282 325

4 351 5 356 ’
127 357 260 442 pellatur
276 352 295 417 a
315 353 429 435 jndice,
450 353 515 417 sire
531 349 730 434 judicialiter,
753 354 818 416 sire
834 371 886 416 ex·
943 355 1050 419 cordat
1062 359 1164 420 leatus
1183 359 1216 420 in
1230 377 1258 422 a.
1271 357 1321 421 Aa
1333 379 1374 439 eo,
1396 361 1449 443 pai
1464 359 1614 443 appellat,
1629 359 1662 419 h.
1679 362 1703 418 t.

127 449 359 534 najudicialiter
370 449 573 530 procedente,
594 450 633 512 de
648 449 717 529 jure
732 449 889 510 communi
941 449 973 509 in
987 453 1016 512 6.
1034 457 1348 531 argumentoascnsu
1358 456 1511 516 contrario
1521 454 1702 533 desumpto,

125 541 249 628 semper
265 546 329 626 peti
349 542 463 606 dehent
476 535 625 624 apostoli!
638 560 711 604 cum
724 541 816 616 adsit,
833 539 886 621 qui
941 545 1008 606 ibi:
1030 565 1044 604 a
1059 547 1219 624 Apostolos
1242 549 1410 630 appellanti
1430 567 1494 610 non
1517 547 1632 609 tribuat
1654 562 1699 606 re

125 661 178 705 eos
191 643 267 704 dare
281 640 389 719 possit,
405 639 480 719 quin
496 643 526 700 at
545 639 619 699 dare
633 630 786 715 tencatur,
802 636 890 698 ride·
941 639 1087 718 quisitus,
1109 662 1123 700 a
1143 646 1201 702 ctc.
1226 643 1341 722 Estque
1365 643 1478 705 alarius
1504 641 1642 704 decisum
1670 639 1703 699 in

122 735 194 797 licet
207 734 302 810 iudex
322 733 384 804 illc,
399 747 418 792 a
433 747 494 808 quo
509 729 682 810 appellatur
698 748 705 790 ι
722 737 757 792 ut
774 747 845 810 cap.
861 745 886 789 ι.
941 735 993 796 ait.
1008 735 1104 798 Glem.
1121 737 1266 812 Οιιαιιιυίι.
1281 737 1300 816 §
1317 735 1441 820 Veram,
1458 739 1490 800 h.
1511 740 1534 800 t.
1557 735 1617 797 illis
1632 751 1701 795 rcr-

123 827 230 907 jnncta
244 825 353 886 Glossa
368 827 400 901 t.
421 820 472 884 Vel
482 817 578 884 eoae.
593 821 625 883 h.
642 827 664 884 t.
681 821 712 881 in
726 825 756 884 6.
940 827 989 888 bis
1005 845 1013 888 :
1030 847 1046 889 ι
1071 825 1186 889 Verum
1209 827 1235 889 si
1255 828 1364 908 judex,
1391 848 1410 890 a
1434 847 1495 908 quo
1516 827 1698 909 appellatur,

165 921 234 982 440.
252 916 299 979 Et
312 915 398 998 pnt'el,
412 914 613 998 siappelletar
625 933 644 976 a
656 915 825 996 precamine
837 933 889 976 ea·
941 922 1248 984 certum'terminnm
1267 921 1308 983 ad
1326 923 1522 1002 recipiendos
1545 919 1701 1001 apostolos

125 1009 320 1094 trajadieiali,
349 1018 378 1074 et
403 1011 461 1071 aoo'
485 1029 540 1092 per
558 1008 692 1092 jadicem
719 1007 821 1072 illato?
848 1039 889 1056 -··
940 1012 1107 1093 appellanti
1122 1015 1268 1095 assignet,
1291 1021 1323 1078 et
1342 1015 1502 1095 appellans
1515 1013 1548 1075 in
1562 1013 1703 1096 assigna-

124 1103 257 1178 Quodsi
279 1121 354 1166 vero
368 1101 540 1182 appelletur
562 1120 583 1194 a
605 1103 783 1184 gravamine
802 1109 887 1164 extra
941 1113 973 1169 to
995 1107 1052 1172 eibi
1072 1108 1205 1170 termino
1229 1127 1292 1171 nan
1314 1114 1493 1189 compareat
1516 1124 1621 1170 coram
1652 1124 1701 1179 eo,

120 1197 284 1278 judicium,
301 1200 333 1260 et
353 1213 418 1256 uon
437 1213 494 1278 per
513 1195 661 1274 judicem,
687 1197 741 1260 sed
762 1197 887 1259 aliunde
941 1219 1000 1263 nec
1021 1207 1106 1281 petat
1125 1203 1282 1282 apostolos
1301 1202 1358 1264 sihi
1381 1201 1478 1276 uadi,
1504 1197 1703 1280 appellationi

123 1293 219 1365 illato,
245 1297 335 1371 puta,
358 1289 391 1350 in
413 1289 581 1362 electione,
606 1307 669 1353 non
694 1298 741 1354 est
760 1293 887 1355 necesse
941 1311 1005 1355 suas
1026 1289 1220 1355 renuntiasse
1239 1290 1372 1355 videtur.
1397 1292 1542 1354 Similiter
1561 1291 1586 1352 si
1609 1290 1702 1370 judex

123 1389 232 1463 petere
255 1382 426 1462 apostolos3
452 1399 524 1444 cum
546 1388 609 1444 uon
623 1383 714 1458 adsit,
742 1385 795 1464 qui
818 1384 892 1446 illos
940 1387 1117 1468 appellandi
1131 1385 1336 1467 responderit,
1351 1388 1433 1449 intra
1443 1385 1522 1466 juris
1535 1377 1704 1448 torminum

123 1477 198 1539 dare
217 1475 331 1549 valeat,
354 1476 403 1537 rol
423 1480 576 1538 teneatur.
592 1477 768 1540 consultius
782 1484 888 1540 tamen
940 1482 1096 1562 apostolos
1120 1499 1153 1542 se
1183 1481 1343 1555 daturum,
1366 1479 1567 1560 appellationi
1590 1494 1702 1540 renun-

123 1575 179 1642 esl,
197 1569 293 1630 etiam
310 1571 386 1629 tune
404 1567 487 1647 ipsos
500 1575 606 1647 petere
625 1569 683 1630 sub
697 1570 885 1645 conditione,
940 1576 1032 1638 liasse
1047 1575 1207 1654 appellans
1216 1574 1406 1656 intelligitur,
1418 1575 1477 1636 nisi
1490 1575 1571 1634 intra
1586 1565 1704 1632 dictum

124 1660 256 1734 nodat,
272 1660 325 1738 qni
346 1675 401 1720 eos
414 1659 489 1721 dare
503 1661 609 1740 possit.
628 1661 735 1723 Glossa
750 1662 800 1724 cit.
817 1679 885 1740 cap.
941 1668 1109 1730 terminum
1123 1685 1261 1748 congruo
1277 1669 1356 1745 loco,
1380 1670 1412 1730 et
1432 1671 1573 1744 tempore
1587 1663 1706 1724 instan-

122 1771 144 1816 1.
161 1758 193 1832 i.
216 1753 270 1816 Vel
280 1753 419 1832 cadolh.
434 1756 458 1816 t.
473 1753 506 1814 in
520 1757 555 1826 6;
574 1754 726 1830 Maranta,
741 1762 820 1834 part.
837 1755 885 1818 vl.
941 1767 998 1833 ter,
1023 1763 1055 1822 et
1071 1759 1204 1839 sapius,
1225 1760 1336 1824 saltem
1359 1779 1422 1822 uno
1436 1761 1593 1834 contextu,
1617 1757 1705 1836 polsi

124 1846 245 1928 Speculi
256 1845 348 1908 aare.
379 1846 426 1908 tit.
441 1844 477 1908 ele
490 1846 686 1928 Appellatus.
702 1867 733 1909 n.
749 1853 823 1925 2273
839 1848 891 1910 Pi-'
942 1854 1097 1934 apostolos
1115 1853 1156 1916 ab
1179 1852 1290 1915 eodem
1309 1855 1413 1935 judice
1436 1853 1494 1917 sihi
1519 1853 1598 1931 dari,
1613 1850 1663 1912 rel
1677 1849 1703 1911 si

123 1940 227 2020 thing,
243 1940 277 2002 h.
294 1947 331 2014 l..
345 1957 377 2001 11·
396 1943 463 2002 lll-
480 1943 512 2003 el
525 1940 588 2003 alii·
942 1949 1101 2021 recideret,
1117 1953 1241 2010 recusat
1255 1947 1384 2010 oblatos.
1401 1967 1415 2006 a
1435 1947 1508 2008 llaec
1521 1947 1575 2008 ibi.

161 2037 234 2098 ill.
257 2032 394 2114 Apostoli
416 2035 502 2096 etiam
522 2051 647 2116 coaonae
670 2034 746 2110 loeo,
769 2041 798 2098 et
819 2042 888 2096 tem·
983 2043 1052 2105 443.
1075 2040 1200 2121 Sufficit
1214 2047 1319 2118 tameo,
1336 2037 1476 2120 apostolos
1489 2046 1585 2120 petere
1601 2036 1705 2116 sapias

118 2146 200 2209 pere,
218 2129 362 2190 detenter
386 2136 416 2190 et
434 2131 540 2211 sapius
561 2138 629 2191 caat
652 2128 768 2212 petendi
773 2150 787 2208 ;
806 2129 891 2212 idque
942 2135 974 2196 in
987 2153 1045 2196 uuo
1063 2141 1210 2195 eorrteetc.
1232 2165 1271 2180 -
1290 2132 1421 2194 Additur
1440 2133 1594 2204 notanter,
1615 2128 1702 2189 asal-

123 2223 367 2304 eaemplifieo'tar.
383 2253 422 2270 —-
442 2225 535 2303 Resp.
551 2225 586 2287 ll.
607 2225 676 2285 Non
696 2225 795 2294 solum
810 2225 890 2286 intra
920 2245 923 2260 ¹
943 2235 1006 2292 tem
1024 2245 1086 2289 uno
1106 2231 1293 2288 contextu.»
1315 2224 1460 2298 Quamvis
1475 2224 1559 2288 enim
1572 2222 1705 2301 antiqui·

122 2323 247 2397 tempus
268 2317 395 2397 triginta
418 2317 557 2392 diarum,
581 2317 636 2378 scd
659 2317 753 2380 etiam
780 2337 796 2377 a
815 2335 891 2377 con·
942 2324 993 2384 tus
1015 2320 1121 2400 petitio
1144 2321 1357 2400 apostolorum
1380 2317 1474 2380 fuerit
1496 2315 1637 2378 iacienda
1657 2316 1703 2376 in·

123 2427 201 2490 6Νο
216 2411 300 2484 ¹⁰⁰⁰,
316 2414 348 2472 el
360 2418 511 2492 tempore,
527 2411 680 2472 instanter
693 2417 724 2472 et
738 2411 885 2490 saepius»
942 2415 1115 2494 terpolatis,
1152 2431 1207 2474 seu
1247 2413 1402 2474 renovatis
1436 2411 1572 2482 vicibus;
1610 2411 1705 2493 prout

122 2503 250 2582 petendi
272 2509 344 2564 sunt
365 2503 505 2582 apostoli.
527 2503 572 2564 lta
591 2503 779 2564 communis:
795 2508 889 2582 atque
943 2507 1048 2568 scribit
1057 2505 1231 2580 Scaocia,d.
1244 2507 1353 2582 quaest.
1365 2500 1706 2581 13.n.26.postltetam

121 2597 170 2657 his
192 2595 273 2676 ipsis
293 2593 396 2656 rer'his
420 2593 553 2656 hahetur
579 2613 761 2676 expressum
781 2596 813 2657 in
837 2594 887 2656 cit.
943 2601 1038 2663 decis.
1053 2603 1104 2662 57.
1119 2597 1195 2660 alias
1209 2595 1277 2660 460.
1294 2595 1330 2658 de
1343 2595 1539 2677 Appellctloa.
1556 2592 1588 2652 in
1602 2593 1701 2654 noris.

122 2687 890 2767 clem.(eamean.t.1]ndcnonsufflcit,apoe-
944 2701 975 2756 et
997 2693 1083 2754 alios.
1108 2694 1153 2753 llo
1176 2688 1255 2752 lacto
1278 2694 1400 2764 tamem
1422 2690 1511 2770 juxta
1532 2689 1582 2750 cit.
1608 2689 1701 2750 Glem.

121 2781 200 2844 talos
216 2787 324 2861 petere
344 2798 364 2841 a
379 2779 497 2859 judice,
522 2781 599 2841 dum
617 2781 744 2860 equitat,
773 2780 822 2841 vel
833 2797 891 2860 per
944 2787 1090 2866 Quamuis
1104 2785 1138 2846 h.
1160 2791 1183 2848 t.
1206 2783 1329 2858 sufficit,
1340 2801 1403 2843 uno
1418 2786 1563 2844 contextu
1577 2780 1703 2859 saepius,

122 2876 204 2936 viam
225 2872 363 2936 transit:
388 2873 461 2952 quia
475 2875 557 2946 ¹snut
578 2873 704 2951 petendi
722 2889 889 2951 «congruo
944 2882 976 2941 et
997 2877 1157 2939 instanter.
1179 2874 1335 2955 apostolos
1358 2873 1535 2954 postularc3
1564 2875 1641 2951 puta
1660 2872 1706 2934 di-

121 2971 203 3031 loao.
219 2989 236 3025 n
254 2969 321 3028 Nec
342 2965 437 3028 etiam
460 2965 534 3028 satis
557 2972 615 3039 est,
640 2983 694 3028 eos
716 2971 823 3046 petere
849 2965 889 3026 de¹
943 2970 1053 3044 cando,
1074 2991 1088 3028 a
1113 2968 1245 3030 Domine
1268 2966 1379 3046 judex,
1405 2965 1545 3044 appello,
1561 2971 1606 3050 ,et
1632 2971 1705 3044 peto

121 3071 227 3136 noete,
251 3071 305 3122 aut
328 3058 386 3120 suh
409 3059 514 3131 missa,
532 3060 595 3120 sire
610 3060 668 3120 sub
683 3059 825 3138 prandio,
840 3059 889 3121 vel
943 3062 1109 3143 apostolos,
1134 3068 1165 3124 et
1187 3059 1319 3140 quidem
1329 3059 1490 3132 instanter,
1517 3074 1633 3137 eosque
1648 3057 1705 3119 ite·

121 3157 182 3218 alio
204 3161 349 3232 tempore
370 3153 552 3231 incongruo,
575 3155 669 3231 prout
687 3150 890 3232 exemplificat
943 3171 1012 3215 rum
1027 3159 1120 3232 atquo
1133 3153 1245 3215 iterum
1257 3150 1422 3231 postulo.»

122 3248 232 3310 Glossa
248 3264 277 3307 c.
293 3244 343 3308 Aa
355 3262 398 3305 eo.
417 3244 479 3325 qai.
496 3248 528 3322 i.
549 3244 634 3306 Meo.
651 3246 682 3306 h.
698 3249 722 3309 t.
738 3245 771 3306 in
783 3247 813 3307 6.
828 3245 890 3306 Nc-
982 3249 1050 3308 444.
1066 3245 1247 3326 Poterantque
1268 3244 1328 3326 peti
1346 3243 1425 3304 satra
1449 3242 1573 3324 triptota
1587 3239 1658 3317 dies,
1674 3251 1705 3305 et

120 3361 182 3424 que
196 3339 323 3416 sufficit,
343 3338 498 3418 apostolos
512 3344 617 3418 petere
635 3338 745 3400 leviter
773 3339 886 3416 solum,
941 3341 1008 3402 aiva
1029 3357 1106 3401 voce.
1131 3370 1171 3384 -
1192 3340 1322 3418 Insuper
1343 3353 1472 3398 necesse
1496 3355 1558 3397 nou
1580 3341 1645 3414 eet,
1669 3343 1706 3399 ut

120 3437 170 3496 rel
191 3433 292 3495 semel
312 3432 485 3493 duntaxat:
506 3431 561 3491 scd
578 3428 694 3492 debent
715 3429 776 3509 peti
795 3431 888 3491 ains·
942 3428 1602 3514 apostolipetanturtemporeappellatlonis,
1614 3429 1705 3490 dum-

121 3531 237 3602 tanter,
248 3535 280 3588 et
288 3523 402 3604 saepius
411 3541 419 3602 ;
429 3526 484 3584 out
490 3522 626 3603 loquitur
632 3523 725 3584 citata
737 3523 885 3585 clement.
942 3525 1035 3588 modo
1049 3522 1284 3604 petanturintra
1294 3520 1419 3601 triginta
1428 3521 1505 3594 dies,
1517 3539 1536 3582 a
1550 3520 1599 3581 die
1613 3520 1703 3581 iacta

122 3617 274 3694 Quamuis
291 3617 488 3696 poettcxtum
498 3630 678 3694 expressum
691 3615 723 3674 in
737 3632 806 3676 ean.
818 3614 890 3676 Post
942 3617 1156 3700 appellationis
1170 3614 1398 3687 numerandos;
1415 3619 1449 3674 nt
1466 3613 1517 3674 ait.
1534 3631 1603 3675 can.
1619 3613 1701 3675 Post.

119 3711 358 3796 appellationes.
382 3713 412 3771 2.
433 3725 464 3786 q.
489 3712 519 3772 6.
542 3709 639 3788 ldque
662 3708 771 3770 merito
795 3714 891 3770 statu·
942 3711 1186 3794 Appellatiouem.
1203 3714 1232 3771 2.
1250 3728 1280 3787 q.
1297 3710 1326 3768 6.
1339 3708 1447 3787 iuncta
1461 3707 1569 3768 Glossa
1582 3706 1656 3769 ibid.
1669 3711 1701 3785 γ.

121 3814 189 3868 tum
212 3805 272 3865 luit
288 3821 296 3862 :
312 3807 378 3864 tum
400 3808 434 3862 ut
450 3799 561 3879 judici,
580 3819 599 3862 a
623 3801 712 3878 eujus
736 3801 889 3866 sententia
945 3805 1075 3886 Tempus.
1098 3802 1293 3882 Possuntqne
1312 3799 1380 3861 riva
1394 3800 1487 3862 eliam
1501 3817 1577 3862 roae
1597 3807 1706 3879 postu-

120 3897 312 3978 appcllatur,
327 3895 449 3957 debitus
471 3893 627 3956 deleratur
640 3894 749 3970 honor,
765 3896 807 3957 ab
820 3896 887 3974 ipso
942 3899 1018 3970 lari;
1045 3897 1118 3959 licet
1139 3893 1306 3957 consultius
1330 3894 1370 3954 sil
1391 3892 1518 3954 eosdem
1542 3896 1648 3973 petere
1671 3894 1704 3955 in

120 3988 293 4050 instantius
312 3988 447 4066 petendo
465 3986 645 4067 apostolos:
662 3994 726 4050 tum
747 3995 782 4051 ut
791 3990 887 4068 judex
942 3993 1078 4072 scriptis,
1092 3993 1128 4052 ut
1150 3989 1194 4050 eiu
1215 3985 1326 4048 melius
1349 3985 1431 4046 lacta
1445 3985 1574 4058 ,illorum
1596 3986 1703 4066 petitio

120 4084 175 4144 ille
190 4087 356 4143 morentur
376 4081 416 4143 ad
436 4080 644 4142 revocandum
667 4100 846 4160 gravamen,
862 4084 888 4145 si
941 4075 1702 4169 probariaaleattipsatamendalioapostolorum,
1728 4077 1737 4094 “

120 4174 276 4256 gravavit,
293 4179 386 4252 atque
408 4172 596 4235 sententiam
616 4173 718 4236 adhuc
741 4193 888 4239 revocare
942 4198 999 4261 por
1012 4178 1151 4261 jndicem
1171 4171 1344 4236 necessario
1367 4172 1399 4232 in
1422 4170 1543 4251 scriptis
1566 4169 1703 4250 expediri

120 4272 229 4349 potest
252 4267 358 4346 (prout
380 4267 491 4329 accidit
510 4268 542 4326 in
562 4267 768 4346 appellatione
787 4287 890 4332 ason·
943 4273 1046 4336 dehet.
1061 4269 1198 4350 Pirhiug,
1213 4267 1246 4328 h.
1261 4270 1285 4327 t.
1300 4282 1332 4326 ιι.
1350 4266 1418 4327 lli.

120 4361 224 4424 tentia
239 4359 484 4440 interlocutoria)
498 4357 577 4420 lorta
592 4361 676 4421 enim
688 4361 765 4422 alias
779 4381 890 4442 grava·
984 4365 1053 4427 445.
1075 4362 1154 4426 Sane
1164 4357 1287 4443 petendi,
1304 4377 1338 4418 ae
1347 4356 1547 4438 praesentandi
1550 4354 1651 4438 jadiel
1662 4356 1704 4418 ad

119 4473 198 4516 men
213 4453 292 4514 illud
313 4470 375 4512 non
388 4459 560 4529 revocaret,
577 4454 602 4514 si
624 4471 687 4514 non
709 4453 798 4517 fieret
819 4457 890 4520 talis
944 4475 1048 4537 quem,
1072 4453 1233 4535 sumptibus
1252 4452 1341 4534 ipsias
1358 4449 1540 4532 appellantia.
1554 4481 1593 4496 —
1615 4450 1705 4520 Quas·

120 4547 282 4608 instantia.
308 4546 431 4626 Sigism.
457 4546 592 4619 Souania,
613 4547 643 4608 d.
665 4552 774 4628 quaest.
792 4553 840 4612 13.
856 4551 891 4614 de
943 4550 1024 4612 rilur
1037 4550 1086 4611 lll.
1105 4549 1197 4628 Cujus
1211 4545 1354 4625 expensis
1368 4542 1512 4622 apostolis
1530 4541 1705 4605 concedan-

119 4635 325 4720 Appellotion.
355 4654 388 4698 n.
417 4640 466 4700 25.
490 4644 559 4717 post
582 4638 691 4701 Rotam
715 4638 808 4703 decis.
838 4646 888 4706 46.
944 4633 1004 4715 ιἰιι,
1020 4647 1051 4702 et
1065 4660 1104 4702 an
1119 4641 1152 4702 in
1167 4655 1274 4700 eorum
1288 4636 1488 4698 concessione
1502 4635 1704 4717 possitjudex

83 4799 90 4814 ,
120 4731 202 4792 alias
215 4731 288 4792 aot.
304 4729 339 4790 ele
355 4729 499 4811 Appellat.
515 4733 548 4792 iu
560 4733 660 4794 noris.
944 4755 1034 4818 aquo
1056 4733 1218 4815 preligare
1241 4729 1408 4811 appellanti
1429 4729 1595 4790 terminum
1615 4721 1656 4790 ad
1670 4745 1704 4789 se

163 4826 237 4886 442.
268 4822 410 4905 Ala'oqaia
440 4824 592 4906 appellans
622 4835 752 4889 cassetur
784 4848 893 4892 raacn-
945 4826 1196 4910 presentandum
1205 4841 1277 4886 cum
1287 4820 1433 4900 apostolis
1442 4837 1546 4882 coram
1552 4818 1707 4899 judicead

121 4915 210 4978 uuae
229 4931 290 4977 sua
309 4915 505 4997 appellationi.
521 4918 662 4990 -Quod
682 4921 707 4980 si
722 4938 811 4984 secus
825 4923 890 4998 liat,
945 4919 1053 5005 qoem?
1070 4921 1161 4998 Resp.
1177 4921 1200 4981 l.
1222 4915 1359 4996 Apostoli
1373 4922 1445 4977 suut
1458 4911 1593 4994 petendi,
1610 4916 1705 4991 atque

120 5011 222 5087 atque
245 5007 405 5087 appellans
425 5027 489 5070 non
513 5015 598 5090 petat
619 5012 776 5090 apostolos
799 5016 892 5076 modo
946 5013 1153 5099 praesentandi
1173 5012 1270 5094 judici
1292 5009 1444 5094 adquae,
1466 5007 1638 5089 sumptibus
1655 5006 1704 5085 ip·

118 5102 190 5179 iam
219 5108 403 5175 memorato,
431 5107 578 5165 censetur
603 5105 670 5183 ipse
697 5108 893 5170 renuntiasse
946 5111 1009 5170 sius
1023 5107 1272 5188 appellantis.lta
1283 5105 1389 5166 Glossa
1404 5103 1436 5164 in
1451 5098 1703 5176 Clemoaamole.

122 5211 194 5256 suae
219 5193 428 5272 appellationi.
454 5194 562 5258 Glossa
582 5215 652 5258 can.
671 5197 743 5259 Post
761 5200 892 5282 appella·
947 5203 979 5278 t.
996 5199 1110 5264 Oblatas
1132 5200 1164 5262 h.
1188 5203 1228 5273 l.;
1250 5199 1402 5274 Maraute,
1418 5198 1498 5275 part.
1512 5195 1562 5255 Vl.
1587 5189 1709 5272 Speculi

123 5287 246 5348 anem.
273 5289 304 5364 ι.
332 5285 461 5369 Temple
484 5293 514 5350 a.
539 5307 570 5369 q.
592 5293 622 5353 o.
646 5291 678 5352 iu
700 5293 835 5371 probans
855 5313 894 5358 ex
948 5294 1038 5358 aare.
1054 5293 1101 5356 tu.
1118 5292 1362 5374 eeappeeuaaa.
1378 5291 1497 5361 acas,
1513 5284 1707 5364 leucappu-

124 5399 201 5443 cau.
227 5378 276 5441 Ab
295 5398 452 5462 eo,aquo,
476 5384 546 5444 ead.
571 5399 656 5444 cans.
678 5387 708 5446 2.
725 5403 755 5465 q.
771 5390 802 5449 6.
818 5389 895 5450 Cou-
947 5387 1015 5450 lane
1038 5404 1257 5462 communem,
1288 5390 1320 5450 et
1346 5400 1452 5446 reram
1476 5379 1708 5443 conclusionem
