4064 6062
314 144 403 223 §XL
424 145 477 208 DE
496 145 827 229 contuleramus,
848 151 897 212 ΕΤ
916 149 1118 217 Atttsstotttt
1139 151 1511 231 msaaunsuuontttt,
1534 153 1616 216 ETG.
1702 154 1760 214 tes

170 277 298 358 sibique
324 279 395 342 talis
421 279 570 360 imputat,
598 297 671 341 cnm
696 281 729 342 in
756 283 823 361 ejus
848 282 941 346 tuerit
993 289 1144 364 quantum
1158 284 1225 346 lieri
1238 286 1352 365 potest,
1371 284 1442 364 jura
1458 284 1580 364 juribus
1599 290 1671 346 sunt
1688 303 1761 348 con-

170 381 346 452 potestate,
373 375 567 453 alterutrum,
592 375 677 455 quod
700 377 850 454 voluerat,
875 395 940 439 non
993 377 1159 452 cordanda,
1182 393 1209 438 c.
1235 380 1308 438 snm
1325 375 1471 458 eupediut.
1493 382 1543 441 ao.
1562 377 1597 440 de
1613 377 1758 440 Election.

172 469 327 547 prolerre.
342 473 386 534 lte
401 473 503 533 teubas
516 471 721 550 expressusin
735 465 766 534 c.
779 471 938 556 imputari.
992 470 1024 531 in
1039 473 1076 544 ὃς
1091 476 1158 532 tum
1177 469 1327 551 quiahoc
1348 471 1448 550 ipsum
1466 475 1515 534 est
1533 471 1759 534 observandum

171 565 225 626 13.
241 563 273 624 h.
296 566 368 626 tot
380 561 402 626 l.
418 561 594 644 scripura.
608 581 637 623 c.
654 563 723 624 eod.
993 562 1023 625 in
1045 563 1186 642 testibus,
1209 565 1298 643 juxte
1321 564 1461 626 Glossam
1483 566 1688 628 communiter
1710 585 1759 627 re-

213 659 316 738 dtque
329 657 412 720 istud
426 657 576 738 procedit,
596 657 660 720 sive
679 659 753 720 dein
770 659 811 722 ab
829 659 940 726 eadem
993 659 1126 738 ceptam,
1146 657 1197 720 cit.
1220 675 1247 720 c.
1270 656 1309 719 ln
1329 665 1438 720 nostru.
1463 661 1495 737 y.
1515 655 1657 720 Adversa.
1680 657 1712 719 b.
1735 661 1758 720 t.

168 759 260 832 parte
283 753 494 834 producantur
516 752 675 834 scripturn
698 755 859 816 conuenite
881 771 939 833 pu·
992 753 1100 827 estque
1115 747 1248 828 amplius
1262 749 1378 811 dictum
1394 765 1488 828 snpra
1502 747 1547 810 tit.
1564 749 1628 810 XX.
1645 747 1681 810 de
1693 747 1760 810 Tes-

167 846 274 920 bliere,
290 849 345 910 ant
358 847 501 928 privat-3
525 847 591 908 sire
610 846 701 925 tales,
723 857 855 926 quarum
876 863 940 907 une
993 842 1079 904 titus.
1099 843 1116 921 ᾗ
1136 845 1185 904 to.
1208 858 1241 903 n.
1264 843 1335 904 321.
1357 841 1450 922 atqui
1469 841 1600 904 testibus
1619 843 1759 922 sequipes

167 941 222 1000 eet
234 937 369 1017 publica,
385 938 528 1000 etaltera
541 937 660 1016 privata
676 955 683 1000 :
704 939 777 1018 quia
796 953 849 999 eas
868 952 940 1018 pro·
991 939 1100 998 runtur
1114 935 1337 1013 instrumente;
1353 951 1439 1016 ergo.

161 1030 315 1092 *ducendo
329 1031 452 1092 ridetur
466 1029 534 1110 quis
553 1031 657 1092 omnia
678 1031 710 1092 in
731 1031 775 1092 eis
793 1034 939 1093 contenta
1031 1033 1100 1092 326.
1118 1029 1201 1106 Quod
1210 1030 1238 1090 si
1250 1029 1441 1092 instrumenta
1455 1027 1522 1092 tenc
1535 1027 1600 1092 inde
1612 1027 1757 1110 producta

167 1123 324 1196 confiteri,
340 1121 516 1203 acproinde
527 1123 618 1186 veluti
629 1123 753 1203 sibiipsi
765 1121 938 1184 contrarius
992 1124 1106 1187 οιιιιιίιιο
1120 1124 1179 1186 unt
1190 1123 1327 1206 equalis,
1343 1121 1530 1186 absolvendus
1539 1131 1676 1198 estreus,·
1681 1140 1759 1202 prn-

167 1233 235 1277 non
249 1215 385 1290 auditur,
400 1231 504 1294 neque
519 1215 635 1298 aliquid
650 1216 873 1298 probatbbbas
884 1217 936 1281 cit.
993 1223 1122 1298 terqunm
1143 1217 1174 1278 in
1191 1235 1279 1278 cunae
1296 1215 1421 1278 literali.
1440 1218 1534 1296 Reep.
1553 1217 1602 1278 lll.
1626 1215 1714 1288 Quod
1732 1217 1758 1276 si

159 1319 199 1369 e.
213 1305 375 1387 Imputeri.
391 1325 424 1366 n.
439 1311 470 1370 t.
486 1305 517 1368 h.
534 1314 557 1368 t.
992 1311 1197 1373 instrumenta
1225 1310 1298 1386 illa,
1327 1326 1382 1370 sen
1411 1309 1569 1389 scripture
1593 1307 1756 1372 contrariu

209 1403 281 1462 323.
317 1399 451 1463 Solvitur
484 1401 633 1463 instantis.
668 1400 834 1484 Disperitus
863 1402 939 1464 risten
992 1403 1064 1466 binc
1078 1403 1149 1465 inde
1162 1403 1320 1483 producte
1336 1403 1463 1465 omnino
1478 1402 1539 1464 sint
1557 1402 1705 1482 equales,
1726 1406 1758 1465 et

168 1503 265 1568 teuc,
279 1504 309 1557 el
322 1494 512 1556 instrumenta
525 1493 623 1576 quand
640 1493 702 1556 boc.
722 1529 762 1543 -
779 1497 867 1558 Dices
883 1515 891 1557 ε
907 1496 937 1558 Si
991 1497 1074 1576 paris
1087 1494 1289 1571 auctoritatis,
1304 1503 1378 1558 tunc
1391 1509 1463 1556 reus
1477 1494 1757 1556 estsbsolreudus:

168 1591 241 1668 quis
254 1588 410 1670 producat
422 1589 452 1648 in
469 1589 588 1668 jndicio
606 1593 711 1665 testes,
732 1590 784 1667 qni
803 1597 939 1673 postmo-
992 1591 1200 1668 preterquam
1213 1587 1245 1648 in
1259 1587 1754 1650 causatibemttnextusestine.

167 1684 243 1746 dum
273 1683 427 1744 contraria
447 1683 526 1746 inter
547 1701 580 1744 se
601 1683 773 1764 deperiunt,
793 1684 938 1748 standum
992 1681 1218 1746 Brittanni.
1239 1680 1277 1744 de
1293 1681 1413 1744 Probat.
1434 1683 1513 1742 Nam
1539 1681 1758 1760 «promptiora

167 1785 215 1837 est
239 1775 446 1856 dignioribus,
469 1779 523 1838 aut
543 1774 756 1838 verisimiliora
779 1775 938 1857 deponen·
992 1781 1064 1838 eunt
1083 1777 1153 1856 jura
1174 1775 1214 1836 ad
1236 1774 1471 1851 absolvendum,
1493 1791 1588 1852 quam
1608 1773 1755 1834 condem-

167 1868 272 1948 tibua3
289 1888 318 1930 c.
335 1867 373 1930 In
387 1877 496 1929 noenu
514 1869 563 1930 32.
587 1867 621 1930 de
639 1867 743 1932 Terret.
760 1870 839 1950 lirgo
854 1868 937 1930 idem
993 1868 1149 1943 nandum,
1174 1874 1382 1948 preterquam
1404 1868 1435 1928 in
1457 1884 1552 1928 causa
1574 1864 1712 1938 liberali;
1738 1886 1753 1924 ι

167 1961 338 2023 dicendum
354 1961 393 2024 de
412 1962 645 2024 instrumentis:
666 1961 740 2042 quia
757 1962 824 2042 pari
845 1979 938 2042 passu
991 1967 1084 2044 prout
1105 1961 1242 2041 loquitur
1263 1961 1402 2042 pontifex
1429 1959 1504 2022 ibid.
1535 1961 1621 2024 Unde
1647 1958 1757 2038 regula

164 2055 342 2128 ambulent,
356 2053 379 2116 l.
394 2053 617 2118 luecuueudis.
639 2073 667 2118 c.
682 2053 716 2118 dc
733 2053 809 2118 Fide
826 2045 936 2116 insuu-
992 2063 1050 2127 eet,
1073 2055 1156 2135 quod
1177 2059 1280 2116 actore
1303 2071 1366 2116 non
1388 2053 1540 2133 probante
1562 2069 1634 2115 reus
1657 2049 1758 2112 absol·

165 2155 259 2210 meru.
275 2149 368 2228 ltesp.
390 2159 463 2226 neg.
484 2151 685 2228 consequent.
706 2166 777 2212 cum
796 2165 852 2211 sua
871 2168 941 2228 pro·
991 2147 1084 2223 uitur,
1100 2165 1128 2209 c.
1146 2144 1220 2209 Cum
1234 2145 1377 2209 Emissis.
1392 2146 1472 2226 §fin
1487 2145 1522 2207 de
1533 2145 1754 2228 Cousnpossess.

164 2241 297 2302 batione
321 2261 327 2301 :
352 2241 410 2302 etei
432 2240 516 2302 enim
537 2239 752 2316 instrumenta,
778 2246 810 2304 et
831 2247 936 2317 testes,
991 2261 1062 2306 cum
1086 2239 1247 2302 similibus.
1272 2241 1468 2302 Concordant
1488 2257 1547 2316 ea,
1572 2254 1641 2318 qnae
1664 2251 1758 2319 gene·

164 2335 274 2413 quoad
297 2335 359 2396 rim
385 2334 537 2414 probandi
565 2337 820 2414 equiparentur:
849 2353 939 2399 secus
991 2334 1083 2398 ratim
1106 2334 1145 2396 de
1166 2333 1365 2416 prevalentis
1384 2333 1604 2414 probationum
1622 2333 1704 2394 inter
1724 2349 1757 2392 se

163 2437 275 2492 umen
289 2427 325 2492 fit
339 2429 368 2488 in
384 2427 554 2509 proposito.
577 2430 666 2490 Ratio
685 2429 881 2511 disparitatis,
903 2448 938 2492 ac
992 2427 1073 2488 dicta
1087 2425 1212 2489 luerunt
1226 2427 1369 2507 superius
1383 2428 1430 2491 tit.
1452 2427 1530 2488 XlX.
1551 2425 1586 2488 de
1603 2425 1756 2488 Protctio·
1826 2503 1830 2514 Ι

163 2523 299 2584 diversae
315 2519 525 2601 dispositionis
535 2521 616 2600 juris
630 2525 690 2596 est,
711 2523 784 2602 quia
805 2541 869 2584 nou
892 2527 939 2588 est
991 2517 1085 2580 uibus·
1101 2519 1161 2598 §b
1186 2538 1219 2580 n.
1245 2523 1293 2596 80,
1318 2523 1356 2582 82
1380 2525 1413 2582 et
1434 2521 1483 2595 83,
1509 2525 1542 2582 et
1560 2519 1608 2580 tit.
1633 2519 1697 2581 Xll.
1720 2515 1758 2580 do

163 2618 196 2678 in
214 2618 371 2697 potestate
386 2615 586 2694 producentis
599 2620 704 2690 testes,
715 2616 755 2677 de
766 2615 875 2678 lisdem
886 2617 939 2679 de·
994 2609 1091 2672 Consu
1100 2611 1285 2695 possessionis
1298 2621 1327 2675 et
1342 2611 1540 2696 proprietati,
1560 2613 1578 2692 fi
1595 2616 1625 2683 t,
1647 2629 1679 2672 n.
1700 2615 1757 2676 239

162 2711 301 2778 liberere
340 2726 412 2770 cum
438 2707 578 2778 nesciat,
620 2707 697 2787 quid
725 2707 835 2770 dicturi
863 2709 936 2772 sint.
991 2709 1023 2768 et
1036 2723 1123 2785 seqq.

162 2805 302 2865 Eenntra
315 2799 492 2882 producens
506 2799 722 2876 instrumente,
743 2804 846 2880 potest
859 2801 936 2864 deli·
1030 2800 1100 2860 tii.
1115 2796 1343 2861 instrumentum
1356 2798 1391 2861 ob
1403 2799 1513 2880 suetam
1526 2797 1557 2858 iu
1571 2804 1659 2878 purte
1677 2795 1758 2857 nubs-

162 2896 289 2968 berarc,
315 2911 357 2954 an
380 2893 443 2955 sint
463 2893 617 2957 contraria
640 2908 758 2967 necne,
783 2895 937 2976 simulque
991 2887 1112 2952 tuntiuli
1123 2909 1258 2952 rasurum
1270 2889 1549 2972 potestreproburi:
1562 2907 1652 2962 reem,
1666 2887 1694 2950 si
1706 2908 1758 2950 ru·

163 2989 312 3060 alterum,
339 2983 424 3064 quod
445 2983 605 3057 maluerit,
624 2982 800 3064 relinquere
823 3005 830 3046 :
854 2989 937 3069 quod
990 3003 1060 3046 sure
1085 2993 1126 3047 est
1152 2985 1184 3045 in
1201 2993 1290 3066 porte
1310 3003 1367 3048 non
1389 2981 1582 3046 substantiali.
1607 3015 1648 3030 -··
1669 2983 1757 3055 Ouoe-

162 3081 190 3142 si
206 3079 267 3142 hoc
281 3095 344 3142 non
360 3075 479 3151 lecerit,
499 3076 557 3138 eibi
570 3076 719 3156 imputet3
735 3096 810 3140 nam
832 3082 938 3162 urigi-
990 3081 1067 3144 rltur
1084 3085 1120 3144 It.
1142 3083 1190 3144 lin
1210 3081 1450 3144 instrumentum
1470 3078 1510 3139 ob
1529 3078 1643 3140 lucum
1665 3079 1699 3138 in
1720 3096 1757 3140 eo

162 3172 388 3258 lantibusqnon
398 3168 627 3252 negligentibus
632 3169 703 3248 jura
714 3170 932 3247 subveniant»
990 3193 1131 3236 rasuram
1144 3161 1241 3255 possit
1254 3173 1431 3253 reprobarit
1443 3175 1536 3253 Resp.
1548 3173 1573 3235 1.
1588 3172 1620 3235 Si
1633 3189 1752 3244 rasura,

164 3269 203 3328 ut
213 3265 297 3326 bene
312 3268 408 3338 notet,
427 3267 459 3326 et
471 3263 582 3344 probat
591 3262 696 3325 Glossa
708 3262 762 3326 lin.
774 3263 825 3328 cit.
838 3283 866 3328 o.
877 3265 938 3328 Im·
990 3269 1041 3332 vel
1054 3268 1227 3331 litterarum
1242 3267 1355 3330 deletio
1369 3267 1407 3329 sit
1420 3265 1501 3330 iacta
1510 3266 1543 3328 in
1552 3267 1641 3346 parte
1651 3265 1756 3344 aliqua

163 3357 281 3439 pulcri.
295 3356 328 3417 b.
352 3360 374 3419 t.
990 3360 1195 3437 substantiali,
1218 3361 1457 3424 instrumentum
1479 3358 1618 3422 redditur
1630 3371 1756 3438 suspec-

207 3451 279 3512 eat.
305 3447 424 3526 Quando
444 3447 637 3510 instrumente
657 3451 805 3512 munuum
823 3451 936 3534 produ-
990 3460 1057 3516 tum
1072 3454 1112 3516 de
1121 3454 1263 3532 falsitate,
1275 3471 1313 3515 ac
1321 3447 1452 3534 proinde
1462 3451 1619 3532 reprobari
1631 3452 1753 3531 potest:

164 3553 274 3606 muru
300 3563 320 3604 u
346 3542 467 3604 dionesie
492 3542 644 3624 portibus,
668 3544 803 3606 standum
825 3554 867 3608 est
888 3545 936 3609 di·
991 3565 1092 3622 secus,
1108 3547 1132 3610 si
1147 3566 1184 3609 ea
1205 3548 1243 3609 sit
1263 3545 1344 3611 facte
1363 3547 1397 3608 in
1418 3549 1505 3626 parte
1526 3558 1589 3612 non
1610 3543 1756 3605 substen-

164 3638 280 3721 quimi.
295 3669 335 3682 —·
348 3636 442 3714 Hesp.
462 3637 497 3698 li.
515 3636 545 3698 Si
560 3654 632 3698 vero
646 3637 852 3702 instrumenta
866 3659 938 3702 con·
991 3643 1067 3718 tiali,
1083 3657 1139 3704 seu
1153 3641 1184 3702 in
1198 3642 1267 3706 loco
1285 3658 1349 3702 non
1369 3645 1523 3720 suspecto.
1545 3639 1591 3700 lte
1610 3636 1754 3698 doctores

163 3732 274 3806 nane,
290 3733 406 3809 etque
426 3728 510 3788 nulla
530 3728 648 3791 ratione
666 3732 847 3794 concordari
867 3751 935 3814 pos·
991 3733 1216 3807 communiter;
1246 3737 1355 3813 estque
1381 3732 1509 3796 uberius
1538 3731 1655 3795 dictum
1683 3731 1704 3792 l.
1729 3730 1752 3791 1.

164 3831 284 3900 sunta
309 3821 439 3888 disemis
461 3821 600 3902 partibus
620 3822 841 3902 producantur,
864 3832 937 3890 tuuc
989 3829 1037 3891 tit.
1051 3828 1101 3898 lll,
1115 3825 1151 3890 de
1163 3825 1333 3908 descriptis,
1348 3826 1366 3906 5
1379 3828 1411 3899 9,
1425 3843 1456 3888 n.
1473 3827 1543 3898 int,
1560 3829 1591 3886 et
1605 3837 1691 3903 seqq.

164 3917 316 3984 standum
327 3918 373 3978 est
382 3915 514 3996 digniori
524 3915 694 3994 scripturo,
705 3935 734 3978 v.
747 3937 778 3998 q.
790 3919 934 4000 publices,
1029 3924 1097 3984 328.
1115 3919 1218 3982 Prima
1227 3936 1300 4001 pare
1314 3917 1522 3982 conclusionis
1532 3915 1705 3978 desumitur
1716 3933 1763 3976 ex·

164 4016 221 4072 aut
235 4027 306 4088 quse
320 4006 420 4090 magis
433 4015 517 4070 carot
536 4008 603 4070 falsi
624 4010 809 4090 suspicione,
830 4032 896 4095 arg.
911 4015 934 4088 l,
990 4013 1107 4078 o.lnter
1119 4011 1315 4075 dilectosht.
1331 4013 1363 4073 et
1376 4009 1490 4076 clarius
1496 4026 1536 4072 ex
1547 4029 1574 4070 c.
1584 4008 1658 4072 Cum
1672 4023 1756 4071 uene

166 4103 352 4184 Scripturas.
372 4119 400 4164 c.
417 4100 477 4177 Qui
486 4101 612 4184 potiores
626 4100 657 4162 in
666 4103 800 4185 piqnoru,
819 4114 872 4168 etc.
891 4110 936 4170 lta
989 4105 1101 4168 rabilis.
1118 4105 1154 4168 de
1165 4104 1309 4185 Reliquos.
1325 4101 1431 4166 deruit.
1447 4103 1504 4164 ubi
1514 4104 1754 4166 instrumentum

168 4197 280 4258 Glosse
304 4194 359 4256 fin.
382 4193 435 4256 cit.
457 4213 485 4255 c.
506 4193 663 4276 imputari
687 4203 718 4259 et
738 4198 842 4260 Abbes
860 4201 934 4263 ibid.
990 4199 1165 4262 declaretur
1183 4218 1197 4256 ιι
1215 4196 1395 4272 invalidam,
1418 4199 1525 4275 utpote
1543 4195 1669 4274 dejure
1688 4209 1755 4258 ens·

168 4307 201 4348 u.
217 4289 250 4348 3.
266 4286 333 4348 h.t.
349 4289 381 4348 et
394 4285 456 4348 alii.
469 4286 563 4366 ldqne
573 4287 745 4351 desumitur
755 4289 822 4352 exl.
835 4291 935 4374 Srrrp-
989 4299 1125 4375 pentum,
1149 4297 1275 4374 propter
1298 4290 1751 4371 superlinearemscripturam,

165 4389 261 4442 arras.
283 4399 310 4443 c.
333 4379 393 4455 Qui
408 4379 532 4461 pedores
550 4378 582 4440 in
600 4381 731 4463 pipnare,
754 4391 807 4448 etc.
827 4386 934 4465 juncto
989 4393 1174 4449 etraeuram
1193 4386 1262 4448 loco
1284 4388 1427 4462 suspecto
1447 4382 1573 4460 lacum,
1596 4382 1648 4443 ubi
1669 4383 1756 4444 ride-

163 4475 218 4536 cit.
235 4471 317 4534 c.·ln
338 4479 448 4534 nunu.
469 4475 519 4534 32.
540 4470 579 4535 de
593 4473 697 4538 Tertii.
721 4494 793 4539 cum
806 4495 935 4542 concor·
986 4479 1058 4542 licet
1071 4477 1232 4542 annotatio
1245 4475 1395 4555 temporis
1408 4480 1596 4538 recensetur.
1612 4497 1627 4534 ιι
1649 4476 1755 4538 Altera

166 4567 292 4628 dentiie.
987 4593 1061 4638 vero
1083 4591 1156 4654 pare
1178 4575 1264 4652 patet
1285 4586 1324 4634 ex
1343 4589 1372 4634 c.
1393 4569 1448 4632 Ec
1465 4568 1582 4633 litteris
1603 4569 1635 4632 h.
1656 4574 1679 4632 t.
1699 4569 1753 4632 ubi

203 4661 275 4722 325.
291 4657 330 4720 Si
338 4665 433 4720 tumen
446 4658 547 4740 ulique
559 4660 672 4724 ratione
685 4663 857 4728 morderi
866 4685 933 4748 pos-
988 4665 1151 4740 deciditur,
1171 4667 1297 4743 propter
1311 4661 1508 4726 abrasionem
1523 4661 1555 4722 in
1574 4662 1752 4726 narratione

161 4752 234 4824 niet,
256 4769 365 4813 noeuse
383 4759 492 4826 est,.ut
516 4752 590 4816 tuter
610 4773 639 4816 se
660 4757 875 4821 mucordentur.
895 4791 934 4808 -
987 4758 1060 4820 iacti
1073 4758 1190 4820 litteras
1212 4771 1276 4819 non
1299 4771 1390 4834 posse
1410 4753 1544 4833 judicari
1566 4753 1669 4828 fabas,
1694 4771 1752 4816 nec

162 4845 297 4907 Additur
310 4852 428 4920 umen,
454 4847 516 4908 eet
534 4865 603 4926 qnae
622 4849 706 4910 nulls
726 4850 844 4914 ratione
863 4865 936 4914 con·
987 4849 1095 4912 heberi
1127 4851 1297 4927 suspectus.
1325 4847 1499 4910 Concordet
1529 4865 1598 4926 cap.
1631 4847 1684 4908 ult.
1717 4846 1754 4908 de

164 4936 288 4998 corderi
303 4943 444 5016 possunt.
459 4957 474 4997 ιι
496 4939 575 5000 Nam
594 4939 619 5002 si
639 4940 844 5006 instrumenta
862 4945 935 5008 hine
989 4941 1112 5006 Crimen.
1123 4941 1194 5022 sels.
1208 4941 1259 5004 nbi
1269 4945 1394 5022 propter
1403 4954 1572 5021 paucarum
1581 4939 1754 5001 litterarum

162 5029 237 5091 inde
273 5029 441 5108 producta,
477 5031 643 5096 videantur
676 5034 802 5112 quidem
834 5037 934 5116 prima
986 5053 1129 5098 rasuram
1142 5036 1174 5096 in
1187 5034 1255 5099 loco
1269 5053 1333 5097 non
1348 5037 1501 5112 suspecto,
1514 5032 1753 5094 instrumentum

162 5123 268 5184 noun
282 5121 450 5197 contraria,
466 5123 522 5186 sed
534 5143 569 5186 ra
583 5126 706 5206 penitus
715 5125 934 5210 iuspectapos-
987 5145 1052 5190 nou
1066 5135 1210 5192 censetur
1224 5127 1347 5190 falsum.

162 5215 226 5276 sint
246 5213 353 5294 aliqua
374 5215 493 5280 radone
513 5218 705 5296 concordari,
727 5239 854 5286 necesse
874 5230 932 5299 eet,
1026 5227 1094 5287 329.
1110 5223 1189 5285 Pars
1201 5219 1398 5284 substantialis
1407 5213 1600 5290 instrumenti,
1616 5215 1753 5296 qun?-

163 5316 199 5374 ut
227 5309 270 5372 ite
304 5309 386 5374 inter
414 5326 447 5370 se
473 5311 716 5388 concordentur3
747 5319 812 5378 tum
840 5317 930 5396 quia,
987 5317 1082 5381 Porro
1114 5318 1231 5380 «Pars
1264 5312 1472 5380 substantialis
1505 5310 1702 5375 instrument
1735 5319 1749 5357 l
