4028 6068
494 173 836 294 §cormacco
856 195 1360 272 commurmurantes.
1660 201 1717 268 aa

132 352 229 432 Atque
243 345 416 432 comprenda
427 345 570 429 plector.
586 377 626 394 -·-
638 344 770 408 Additur
787 341 900 423 primo,
954 348 1006 406 tur
1028 342 1160 422 probare
1184 357 1274 404 suam
1294 339 1512 420 exceptionem
1533 338 1718 414 dilatoriam,

136 460 203 504 «aa
217 441 403 523 probandas,
418 459 434 499 n
452 443 511 502 etc.
529 438 686 518 Siquidem
706 454 771 498 uon
791 433 902 496 sufficit
954 437 1041 516 juxta
1055 439 1173 499 textum
1189 435 1240 497 cit.
1256 434 1278 496 l.
1293 433 1513 514 Enccplc'ooem.
1537 451 1564 495 c.
1588 431 1623 494 de
1643 431 1722 493 Pro-

132 543 256 598 tantum
271 552 432 616 opponere
446 532 669 612 exceptionem,
685 530 742 592 sed
756 546 793 591 ea
803 527 843 590 ab
853 545 902 589 ex·
957 527 1064 590 batua
1081 528 1180 608 Atque
1194 527 1287 589 istum
1302 523 1476 604 excipiendi
1488 524 1615 587 modum
1631 523 1721 586 valde

133 629 270 708 cipiente
285 635 332 690 est
346 625 439 688 etiem
452 623 625 706 probanda.
641 621 903 684 NamsIcutactcr
956 619 1154 694 commendat
1179 619 1287 682 Glossa
1318 617 1350 678 in
1378 637 1405 680 c.
1436 615 1512 679 Cam
1537 615 1719 679 cecembila'r.

134 724 262 782 tenetur
273 720 409 801 probare
423 736 512 780 suam
532 716 746 792 intentionem,
767 713 810 776 ita
830 729 903 774 neus
955 711 1153 794 §Confecta
1164 718 1194 774 et
1208 710 1313 774 Abbas
1327 709 1403 772 ibid.
1421 727 1452 770 n.
1468 711 1518 772 26.
1535 716 1566 770 et
1579 712 1629 771 et.
1644 708 1678 768 b.
1696 716 1719 770 t.

73 833 82 854 ·
134 813 269 894 probare
283 813 378 876 debet
391 829 481 874 snam
501 808 735 890 exceptionem
759 807 832 886 quia
852 803 902 866 bic
996 809 1046 868 27.
1068 805 1214 888 Exceptio
1227 801 1363 866 dilatom'c
1377 821 1434 866 aaa
1445 801 1596 885 proposita
1609 811 1676 864 ante
1685 800 1722 862 li-

135 907 322 986 excipiendo
336 903 567 988 quodammodo
580 902 616 964 tit
630 908 726 976 actor,
741 901 762 960 i.
777 899 801 960 Ι.
819 897 852 958 ii.
868 899 901 960 b.
957 901 1221 976 tem'caatsstatam,
1237 905 1265 960 st
1278 899 1357 960 intra
1378 897 1531 960 marinam
1548 896 1720 980 proficuas,

134 1006 156 1062 t.
172 997 238 1060 ibi:
260 1019 275 1057 a
290 999 391 1080 Agere
406 998 501 1060 etiam
514 996 541 1057 is
559 994 692 1069 ridetur,
718 992 770 1072 qui
793 1007 903 1072 excep·
956 991 1056 1072 aequit
1068 989 1196 1073 amplias
1206 991 1335 1072 proponi
1351 989 1383 1050 ia
1401 1007 1489 1051 rausa
1509 988 1719 1071 appellationis.

133 1091 219 1154 bona
235 1091 350 1156 utitor:
366 1108 442 1152 nam
462 1105 535 1152 reus
556 1089 589 1150 in
612 1085 794 1167 excipiendo
817 1089 904 1148 ector
956 1113 997 1128 -
1016 1083 1110 1164 Resp.
1135 1084 1171 1144 lt.
1195 1082 1342 1162 Exceptio
1365 1080 1507 1144 dilatoria
1530 1081 1723 1144 adcedebat

133 1191 193 1258 eq.
210 1206 226 1244 a
956 1179 1088 1261 proponi
1103 1185 1176 1242 aute
1188 1179 1276 1240 litem
1291 1179 1505 1252 contestatam,
1521 1179 1553 1239 et
1566 1176 1647 1238 intra
1660 1182 1722 1238 ter·

173 1279 225 1338 25.
248 1274 393 1357 necque
405 1293 469 1336 earn
477 1270 606 1356 molare
617 1271 699 1333 {aaa
713 1267 904 1334 terminumn
957 1272 1078 1335 minum
1091 1291 1109 1333 a
1120 1271 1227 1351 judice
1241 1271 1414 1352 praefixum,
1437 1277 1472 1334 ut
1491 1270 1517 1332 si
1538 1277 1611 1333 tune
1631 1269 1723 1333 luerit

130 1369 233 1452 judice
251 1367 479 1451 proefipendam.
503 1363 696 1425 -Additur
720 1361 850 1429 ulterius
872 1359 904 1422 in
959 1365 1083 1439 amisse,
1099 1383 1161 1426 non
1175 1365 1274 1446 possit
1290 1363 1423 1444 amplius
1444 1365 1558 1444 opponi
1575 1364 1670 1426 etiam
1689 1363 1721 1424 iu

135 1463 210 1526 datu
230 1462 441 1534 conclusione,
467 1481 483 1520 a
505 1461 539 1521 et
560 1455 686 1536 quidem
700 1455 780 1518 intre
802 1453 904 1516 termi-
958 1477 1054 1522 eausa
1067 1459 1292 1540 appellationis.
1308 1462 1352 1522 lta
1375 1465 1477 1522 textus
1499 1460 1532 1520 in
1554 1459 1576 1521 l.
1601 1459 1649 1522 Ita
1671 1459 1721 1522 de·

135 1577 211 1620 num
226 1557 363 1637 ajudice
376 1551 614 1639 praefigendam.
632 1549 740 1621 »Quia
752 1548 836 1610 essim
850 1565 905 1609 tn·
957 1571 1046 1614 mam.
1064 1570 1092 1616 c.
1110 1553 1145 1614 dc
1168 1553 1325 1616 l'rceurct.
1349 1552 1402 1615 ubi
1424 1552 1554 1634 proinde
1577 1554 1723 1616 Summa·

135 1652 266 1732 tiqoitns
294 1651 447 1712 malitiosa
480 1643 704 1726 nonnunquam
738 1659 903 1707 causarum
957 1646 1058 1723 rium,
1073 1666 1111 1710 ex
1133 1648 1308 1712 Alexandro
1329 1649 1540 1728 desumptum,
1561 1649 1605 1710 sic
1623 1647 1723 1728 loqui-

136 1745 315 1810 termiuatio
337 1740 580 1824 prorogabatur,
608 1741 684 1800 dum
710 1736 762 1800 lite
790 1734 903 1797 diutius
957 1745 1026 1802 tur:
1051 1761 1065 1798 a
1078 1742 1224 1820 Exceptio
1238 1740 1391 1816 dilatoria,
1406 1741 1431 1802 si
1442 1741 1572 1803 nonfuit
1582 1740 1722 1820 opposita

134 1857 199 1900 non
215 1841 386 1900 contestato
399 1843 523 1916 tempus
537 1832 685 1895 inutiliter
697 1827 904 1892 consumebfl·
958 1837 990 1898 in
1004 1855 1099 1898 causa
1112 1834 1285 1916 principali,
1302 1853 1364 1898 non
1380 1833 1490 1914 poterit
1504 1834 1535 1894 in
1556 1829 1648 1894 eausa
1669 1851 1723 1913 ap·

136 1931 234 1994 turio
253 1927 476 2012 proponendis,
499 1945 536 1989 8⁰
558 1923 726 2006 pfflbflfldlfl
750 1921 847 1997 novis,
872 1923 905 1982 θῐ
958 1931 1134 2012 pollutionis
1161 1931 1287 2010 apponi.
1318 1952 1333 1990 a
1360 1929 1445 1991 Idem
1467 1917 1558 1990 docet
1583 1927 1722 1989 Hortalus

135 2026 227 2086 novis
249 2021 511 2105 exceptionibus:
535 2019 608 2082 binc
632 2015 771 2099 pootiiex
792 2015 843 2108 cit.
874 2033 901 2080 e.
958 2025 1033 2088 ibid,
1048 2025 1066 2104 ᾗ
1079 2023 1212 2088 semo
1225 2030 1304 2086 nota,
1328 2023 1435 2086 ,abhas
1451 2039 1478 2083 ο,
1499 2021 1720 2102 Emptam,

134 2116 314 2196 Portunalis,
330 2119 359 2179 t.
373 2116 406 2176 b.
423 2121 446 2177 t.
463 2112 589 2194 provide
604 2110 753 2175 decrevit.
763 2113 798 2171 ut
808 2107 904 2186 judex
957 2117 1144 2182 n,17,h,t,
1163 2117 1247 2180 istud
1268 2117 1405 2197 probans
1424 2134 1461 2178 εχ
1483 2115 1535 2178 ait,
1557 2115 1579 2178 1,
1601 2113 1650 2176 Ita
1672 2112 1724 2176 de·

134 2211 280 2290 partibm
292 2211 472 2288 terminum,
493 2209 558 2272 sivo
577 2209 697 2272 certum
715 2211 838 2283 tempto
856 2220 906 2264 8⁸·
957 2231 1049 2276 mam.
1065 2231 1092 2274 c.
1108 2212 1143 2276 cle
1155 2212 1313 2274 Procoral.
1327 2211 1432 2274 addite
1447 2227 1484 2274 ee
1497 2210 1628 2288 rabone,
1650 2209 1722 2290 quia

136 2306 263 2386 signare
278 2305 402 2378 debeat,
418 2304 498 2366 intra
511 2301 595 2382 (iuml
614 2318 686 2362 ⁵¹1²ss
706 2299 905 2378 exceptiones
958 2304 990 2366 in
1004 2321 1099 2368 causa
1113 2303 1329 2384 appellationis
1343 2303 1433 2366 durat
1442 2301 1569 2366 effectus
1579 2301 1724 2366 litiscon-

135 2417 297 2479 opponere
313 2389 478 2462 debeant:
504 2396 583 2460 odeo
599 2441 608 2473 ,
634 2397 670 2456 ut
691 2397 762 2474 p0st
782 2393 905 2472 laptum
958 2399 1132 2462 wambonis
1145 2399 1234 2462 facte
1250 2397 1443 2479 aprincipio,
1460 2416 1488 2459 c.
1504 2396 1564 2460 Per
1578 2405 1654 2458 tuas.
1669 2398 1721 2458 58.
1815 2459 1819 2466 ,

134 2491 219 2554 iilius
234 2494 369 2568 termini,
385 2509 443 2555 suo
457 2491 585 2554 arbitrio
598 2488 735 2570 ponende
756 2485 906 2567 qualitate
958 2490 996 2554 dc
1015 2491 1167 2574 Appellat.
1198 2492 1283 2554 Idem
1311 2493 1413 2554 tradit.
1444 2490 1568 2571 sigism.
1599 2490 1723 2552 Scaccie

135 2601 251 2659 tam,
268 2591 300 2648 ot
313 2587 528 2666 personarum,
548 2581 679 2662 aliisque
704 2580 906 2642 circumstan-
959 2591 1047 2648 aaut.
1063 2583 1100 2647 dc
1112 2584 1311 2667 Appellatioa.
1327 2591 1426 2664 quaest
1440 2585 1488 2645 ll.
1505 2601 1536 2645 n.
1560 2585 1610 2646 36.
1627 2587 1658 2643 et
1670 2585 1720 2644 to.

133 2677 187 2738 tiis
200 2677 396 2758 praefigendi,
407 2676 613 2758 excipientem
627 2672 759 2753 emplius
772 2689 837 2734 non
851 2687 906 2730 ou·
959 2695 1031 2740 cum
1051 2677 1129 2752 aliis,
1153 2695 1231 2758 quos
1248 2680 1321 2741 citat
1341 2679 1504 2741 Mattheus
1523 2676 1670 2739 Neratius
1691 2675 1724 2736 in

133 2770 220 2844 diat;
235 2768 295 2832 nisi
310 2770 341 2832 in
357 2769 454 2832 tribus
468 2767 591 2830 casibus
604 2766 721 2830 ibidem
736 2763 903 2845 expressis,
959 2771 1082 2854 Repetit,
1106 2771 1220 2834 rubrio,
1242 2772 1277 2836 de
1289 2771 1441 2854 Appellat,
1456 2791 1489 2832 n.
1516 2774 1563 2834 19,
1585 2778 1616 2834 et
1637 2769 1722 2833 md,

135 2871 166 2926 et
179 2864 261 2926 infra
276 2882 309 2925 u.
324 2866 409 2926 :teet
422 2881 509 2944 seqq.
533 2859 714 2924 referendis.
740 2862 841 2938 Atque
865 2855 905 2918 ob
958 2866 1098 2930 Tusahus
1111 2866 1168 2928 litt,
1185 2869 1220 2928 Ε,
1242 2867 1341 2930 couci.
1363 2869 1431 2929 930,
1454 2884 1487 2928 n,
1510 2869 1559 2928 21.
1584 2865 1723 2946 allogm

134 2958 194 3019 boo
207 2955 293 3034 ipsos
307 2973 408 3032 casus,
425 2959 458 3018 et
470 2953 636 3015 nonnullas
649 2953 727 3014 aliae
740 2951 903 3026 fallentias,
959 2977 1167 3023 communem,

133 3051 248 3114 mento
269 3050 302 3113 in
325 3050 436 3112 eadem
457 3046 655 3110 conclusione
682 3045 822 3116 additum
848 3043 907 3105 tuit
998 3056 1048 3117 28,
1069 3051 1233 3126 Solvuntur
1245 3053 1401 3118 sustantur,
1422 3054 1481 3118 Per
1498 3053 1723 3138 appellationem

132 3143 179 3224 ly,
199 3143 427 3224 «regulariter.
443 3165 459 3202 o
958 3145 1317 3229 assanditaajadc'cctam,
1332 3155 1360 3210 et
1377 3156 1558 3230 reponuntor
1571 3149 1722 3216 omnlaod

174 3241 225 3301 26.
248 3235 383 3302 Solvitur
396 3234 535 3298 instantio
547 3231 722 3296 marnac
742 3238 853 3294 leolum
875 3231 905 3293 t'o
954 3242 1086 3325 pricrm
1107 3251 1234 3322 stotom;
1254 3251 1282 3306 et
1299 3242 1444 3325 qualiter?
1461 3275 1502 3292 -·
1523 3245 1588 3306 Neo
1606 3244 1721 3324 obstat,

133 3335 154 3396 l·
171 3330 407 3412 Exssflpfittssssm·
423 3349 450 3393 c·
474 3328 513 3391 (1⁰
535 3327 717 3390 Probfltittss·
740 3359 779 3376 ··
801 3325 902 3388 Dices·
926 3379 928 3388 a
959 3335 1366 3416 quodpereppellaticuem
1388 3335 1582 3398 rescindatur
1601 3335 1725 3415 judica·

133 3427 310 3492 Promissis
324 3427 446 3489 videtur
460 3425 581 3488 obstare
595 3427 697 3485 textus
710 3421 742 3482 in
755 3421 777 3482 l.
789 3421 906 3501 Eccep-
958 3435 1036 3504 tum,
1061 3435 1092 3490 ct
1112 3435 1282 3508 reponatur
1303 3429 1336 3492 iu
1359 3431 1486 3510 antiquo
1508 3433 1603 3494 stato.
1626 3431 1720 3514 Resp.

129 3525 254 3602 tecm,
270 3541 299 3584 c.
315 3516 536 3584 deProbota'oa.
553 3515 747 3583 ubidicitur:
766 3517 906 3596 uExcep·
960 3522 1054 3598 euim,
1078 3540 1150 3584 cum
1172 3524 1307 3597 Bartota,
1331 3529 1362 3586 et
1385 3523 1522 3598 Neratio,
1545 3523 1600 3586 ubi
1614 3539 1720 3604 supra,

132 3618 255 3679 tionem
270 3613 447 3677 dilatoriam
462 3611 576 3692 apponi
586 3610 712 3690 quidem
721 3611 825 3686 initio;
836 3627 905 3690 pro·
959 3616 1041 3696 quod
1054 3633 1112 3696 per
1125 3617 1365 3697 appellationem
1384 3616 1579 3680 rescindatur
1593 3617 1719 3697 quidem

131 3709 200 3772 bari
213 3726 304 3783 vero,
319 3715 485 3788 postquam
495 3709 583 3768 actor
590 3705 811 3768 monstraverit
821 3703 904 3782 quod
954 3709 1138 3788 J'udicatam,
1160 3727 1198 3771 ec
1211 3715 1402 3789 reponantur
1416 3710 1520 3771 omnia
1533 3707 1574 3770 ad
1586 3709 1723 3788 priorem

133 3807 307 3879 asseverat,
324 3805 486 3882 oportet3c
504 3817 590 3881 ergo.
605 3798 783 3878 Respondet
798 3800 906 3860 Barto-
958 3806 1084 3879 satum,
1100 3801 1133 3863 in
1147 3819 1209 3882 quo
1223 3803 1451 3866 suboluerunt
1465 3807 1535 3883 post
1548 3801 1633 3863 litem
1647 3820 1722 3865 con·
1769 3863 1776 3876 ,

132 3896 182 3957 los
196 3893 274 3958 ibid.
292 3895 384 3956 istam
401 3893 504 3973 legem
522 3910 591 3954 esse
611 3891 844 3972 intelligendam
864 3889 905 3952 de
958 3898 1102 3958 testatam
1119 3915 1126 3956 :
1142 3912 1205 3958 non
1219 3913 1292 3958 vero
1307 3897 1347 3959 ad
1361 3913 1434 3957 eum
1448 3898 1573 3971 statam,
1590 3895 1643 3975 qui
1657 3893 1724 3957 iue-

134 3987 322 4070 excepticnc
345 3985 485 4048 dilatoria
508 3983 689 4059 solutionis,
718 3999 788 4062 qua
811 3980 905 4044 debet
957 3992 1092 4050 natante
1106 3987 1192 4050 litem
1205 3993 1427 4064 contestatam
1454 3996 1547 4069 prout
1566 3989 1723 4053 convincit

134 4082 251 4163 opponi
265 4081 308 4142 ab
321 4079 408 4142 initio
423 4079 497 4160 (boc
511 4084 569 4152 est,
585 4084 656 4140 aute
676 4077 763 4140 litem
782 4081 905 4140 contes-
931 4111 934 4120 ·
958 4087 1060 4144 textus
1073 4081 1107 4142 iu
1121 4080 1172 4143 cit.
1187 4081 1209 4141 l.
1225 4081 1275 4143 lta
1288 4080 1412 4144 demam.
1428 4099 1455 4143 c.
1478 4079 1513 4144 de
1526 4080 1680 4143 Procwut.

134 4183 248 4245 utam,
263 4173 316 4236 uel
329 4173 361 4234 in
375 4173 442 4254 ipsa
456 4172 517 4234 litis
531 4169 766 4250 contestatione)
779 4168 904 4250 probari
997 4177 1046 4237 29.
1070 4173 1138 4236 Noa
1156 4172 1330 4257 allspatcm,
1357 4172 1406 4237 cel
1428 4192 1487 4235 noa
1509 4174 1663 4255 prolatum
1690 4173 1721 4238 ia

134 4289 210 4334 vero
224 4275 298 4352 past
314 4267 518 4330 intentionem
538 4265 650 4328 actoris
670 4263 853 4338 t'uudatam3
869 4266 904 4324 ut
958 4285 1046 4344 caasa
1055 4265 1226 4348 palnrlpali,
1244 4275 1339 4350 potest
1358 4265 1483 4349 cllepari
1503 4275 1531 4328 ct
1548 4267 1673 4348 motari
1692 4269 1723 4330 ia
1824 4269 1828 4278 “

133 4365 157 4424 l.
172 4360 354 4444 siquiden.
370 4380 397 4423 c.
414 4361 446 4422 h.
462 4367 483 4422 t.
506 4360 602 4422 Secue
622 4358 661 4421 de
682 4358 828 4423 diabobo
850 4357 905 4420 dc·
957 4379 1044 4422 caasa
1071 4360 1286 4442 appellatione,
1314 4369 1342 4423 et
1366 4358 1529 4442 quomoda?
1554 4363 1720 4442 -Neque

133 4457 303 4520 clinatoria
317 4457 385 4534 tori,
402 4460 433 4517 et
445 4455 513 4516 aliis
532 4451 721 4532 hujusmodi,
743 4469 813 4532 que
835 4469 905 4531 pro·
957 4454 1088 4518 ulterim
1103 4455 1203 4518 obstat
1216 4455 1359 4518 textusin
1373 4454 1393 4516 l.
1409 4453 1472 4516 Eos
1486 4454 1549 4536 qai.
1565 4456 1584 4535 ᾖ
1597 4453 1723 4538 Siquid

133 4555 209 4635 poni
224 4572 264 4616 ac
278 4552 405 4633 probari
418 4551 532 4614 debent
546 4556 617 4612 aute
636 4549 698 4614 litis
718 4549 901 4629 ingressum.
957 4555 1064 4610 autem.
1088 4566 1117 4612 c.
1139 4548 1179 4611 de'
1197 4545 1346 4630 Appellat.
1369 4553 1401 4611 et
1420 4550 1440 4611 l.
1463 4547 1525 4611 Per
1548 4547 1632 4612 lonc.
1645 4567 1673 4610 a.
1690 4547 1725 4610 dc

133 4651 190 4711 Vel
204 4648 258 4710 dic
272 4665 346 4710 cum
365 4647 473 4709 olores
492 4662 546 4707 nu.
568 4644 641 4706 ibid.
663 4644 767 4726 legem
787 4642 903 4722 allega-
959 4643 1121 4727 Tempcrid.
1136 4653 1164 4708 ct
1177 4652 1307 4727 reparat.
1325 4645 1463 4728 appellat.
1480 4645 1532 4707 ubi
1546 4646 1722 4728 prarcgula

134 4747 200 4804 mm
214 4738 388 4821 procedere
406 4737 438 4800 io
459 4735 640 4816 exceptione
660 4735 801 4798 dilatoria
820 4734 904 4798 solu·
957 4737 1098 4816 orditur,
1123 4737 1217 4818 quod.
1245 4759 1260 4796 a
1282 4739 1349 4802 Nou
1372 4740 1561 4820 suppetam,
1586 4739 1636 4802 vel
1658 4755 1722 4801 non

134 4834 241 4911 boob,
268 4831 442 4911 etquidem
465 4830 525 4892 sub
546 4829 722 4892 conditione
745 4830 902 4918 proposita
958 4829 1126 4909 probatum
1139 4830 1170 4891 in
1186 4847 1280 4892 causa
1294 4831 1466 4912 principali,
1482 4837 1584 4912 potest
1593 4829 1720 4912 allegari

133 4929 175 4988 ab
194 4927 302 5001 initio;
319 4928 395 5006 puta
406 4923 557 4987 fflcendo:
585 4923 730 4997 aFrater,
744 4940 809 4984 non
829 4939 903 4985 eoo-
957 4926 990 4984 et
1016 4921 1140 5002 probari
1167 4921 1200 4983 in
1227 4940 1321 4985 causa
1347 4924 1604 5004 appellationis.»
1627 4924 1721 5003 Resp,

134 5021 228 5084 titecr
250 5020 336 5100 quod
358 5017 454 5080 dicis:
479 5017 580 5080 sedai
602 5015 796 5098 probaretur,
820 5015 902 5094 dico,
958 5015 1053 5090 cuim,
1076 5016 1293 5080 concordando
1317 5017 1388 5097 jura
1415 5019 1549 5098 juribus,
1579 5017 1720 5098 regulam

134 5119 264 5195 pactum
291 5112 368 5176 mibi
389 5111 507 5174 iactum
528 5127 598 5174 esse
621 5111 661 5172 de
682 5127 747 5173 nan
768 5109 903 5190 petendu
958 5109 1039 5170 banc
1052 5108 1221 5188 procedere
1244 5111 1275 5172 in
1295 5113 1528 5193 exceptionibus
1542 5117 1720 5193 perempto-

134 5213 208 5272 aute
226 5212 364 5287 tempos,
386 5227 402 5264 o
429 5205 480 5267 vel
501 5202 687 5284 hujusmodi.
712 5205 799 5264 Tunc
820 5203 903 5268 enim
957 5203 1021 5278 riis,
1037 5219 1208 5282 earumque
1222 5204 1456 5283 probationibus
1471 5225 1479 5267 c
1495 5221 1585 5267 secus
1599 5205 1631 5266 in
1645 5204 1723 5267 diia-

134 5319 267 5364 necesse
299 5299 400 5378 iuret,
433 5302 469 5364 ut
494 5305 579 5362 actor
604 5299 691 5378 prius
717 5303 904 5362 monstraret
957 5297 1054 5360 toriis.
1071 5300 1113 5360 lta
1127 5299 1274 5361 Neratius
1287 5300 1338 5363 cit.
1354 5317 1386 5362 n.
1410 5303 1459 5374 te,
1478 5305 1550 5379 past
1568 5297 1668 5381 Engei
1689 5305 1721 5362 et

134 5413 226 5462 wem
245 5393 462 5472 intentionem,
487 5396 655 5473 autequam
677 5409 750 5456 reos
773 5411 903 5475 cogare-
918 5395 936 5421 *²
957 5391 1044 5455 Paul.
1060 5397 1092 5456 et
1105 5392 1213 5456 Frena.
1229 5392 1261 5456 in
1275 5393 1307 5455 d.
1323 5392 1344 5456 l.
1359 5392 1409 5460 lta
1431 5392 1557 5471 demam
1579 5403 1610 5457 et
1630 5393 1718 5459 elios.
