4080 6064
307 281 347 346 56
466 277 536 340 LlB.
560 279 594 340 ll.
616 279 827 343 cacabant.
848 279 919 343 l'l'r.
942 283 1006 344 XX.
1029 281 1080 344 ab
1100 273 1280 346 martias
1302 281 1351 342 ΕΤ
1371 279 1726 344 A'l'iESTATlONlBUS.

306 423 336 478 et
355 414 557 496 jurameutum
578 412 747 487 ιαιιιιιιιιιιιι,
769 413 848 496 quod
867 433 1000 499 armasse
1020 433 1068 477 re-
1121 419 1216 478 testes
1239 405 1483 486 inducebantur}
1509 413 1582 495 quia
1607 432 1680 496 pars
1702 417 1810 489 altera,
1833 437 1892 481 seu

305 509 385 572 mitti
394 507 504 590 nequiit.
516 509 625 570 *Neo
639 509 751 582 obest,
763 509 847 589 quod
856 511 1069 590 juramentum
1122 507 1415 588 producensteates,
1431 504 1514 568 altro
1533 506 1565 566 iu
1587 507 1648 569 hoe
1665 511 1731 590 jam
1755 529 1891 574 cousen-

305 602 466 664 calomcisr
479 602 519 662 de
533 618 678 684 expresso
692 619 846 664 consensu
864 605 998 684 partium
1012 622 1067 666 ne·
1123 608 1205 665 serat
1217 600 1349 664 volendo
1363 607 1459 664 testea
1472 601 1644 679 producere
1657 605 1778 684 absque
1793 606 1891 668 intar-

305 701 398 774 queet
411 695 535 768 remitti,
550 695 571 758 l.
587 699 617 760 2.
632 697 650 776 β
663 696 726 760 Sed
736 697 816 777 quia.
831 716 866 760 .c.
888 691 924 760 de
945 697 1068 778 Jareju-
1121 697 1216 757 ventu
1226 694 1396 771 juramenti
1413 713 1420 755 :
1436 695 1493 756 sed
1505 695 1643 774 pontifex
1662 697 1722 758 hcc
1739 697 1821 758 illios
1841 699 1892 760 in·

304 785 390 850 rond.
402 797 524 871 propter
536 790 662 851 calama.
678 789 767 851 dauri.
785 795 816 851 et
829 808 897 869 cap.
910 805 931 851 ι.
943 791 1069 872 §.Prep-
1121 789 1241 850 tentum
1255 786 1413 867 reprobat,
1429 788 1488 850 uisi
1501 787 1607 850 lorsau
1617 790 1782 854 accesserit
1795 793 1891 856 etiem

306 890 349 944 ter
361 884 506 945 anassem.
521 881 556 946 de
568 879 733 945 Juramcrat.
748 884 877 948 calama.
900 885 931 946 iu
952 887 982 948 6.
999 882 1066 948 llis·
1120 881 1262 943 remissio
1277 883 1378 961 partis
1388 884 1538 945 adversae.
1555 884 1658 946 abbas
1671 885 1746 948 ibid.
1762 903 1794 950 n.
1811 891 1842 950 4.

304 977 420 1056 parites
434 975 517 1038 enim
540 977 620 1038 iuter
638 975 851 1054 juramentum
875 978 1011 1052 testium,
1037 983 1069 1042 et
1160 979 1230 1040 434.
1252 976 1303 1038 rin
1316 975 1573 1038 adremitteadam
1581 975 1785 1056 jurameutum
1807 981 1890 1042 testi-

300 1067 512 1148 jaramentam
526 1069 700 1145 calumniae,
712 1069 779 1147 jam
793 1087 886 1150 supra
904 1072 948 1134 tit.
971 1077 1004 1134 ’1.
1024 1071 1069 1134 De
1122 1069 1357 1151 busrequiratur
1370 1069 1671 1150 auctoritaajudicrs?
1684 1105 1724 1122 -
1744 1073 1888 1152 Urgebis.

301 1163 473 1225 loramento
494 1162 657 1225 cammaro.
681 1163 751 1242 §³·
775 1181 808 1226 ιι.
837 1168 887 1228 47.
910 1167 1066 1247 assignata
1120 1163 1299 1242 aequiritur
1313 1163 1443 1225 ulterius
1464 1179 1646 1237 consensus,
1671 1170 1703 1226 et
1722 1165 1890 1228 auctoritas

302 1254 369 1316 init.
388 1254 546 1333 Siquidem
570 1271 715 1333 expressa
738 1255 878 1318 remissio
897 1259 1065 1337 juramenti
1117 1255 1243 1340 judicis,
1259 1263 1294 1319 ut
1304 1256 1517 1336 juramentum
1531 1257 1661 1318 testibus
1682 1257 1797 1320 remitti
1815 1277 1890 1338 pos-

301 1349 463 1412 calumuioe
485 1347 640 1428 preberet
660 1365 769 1412 oasam
790 1351 1011 1429 calumniandi,
1036 1359 1067 1415 et
1121 1353 1176 1425 sit;
1202 1367 1278 1430 ergo
1301 1366 1365 1412 sou
1388 1352 1502 1413 sufficit
1530 1363 1701 1412 consensus
1728 1350 1891 1431 utriusque

301 1461 374 1507 oum
396 1449 506 1522 agatur
528 1443 567 1504 de
595 1443 719 1524 proprio
743 1444 893 1508 interesse
916 1448 1064 1526 partium,
1118 1448 1215 1528 partis
1239 1447 1400 1509 duntaxat.
1424 1448 1518 1527 Resp.
1543 1463 1615 1524 neg.
1638 1446 1780 1508 anteced.
1804 1447 1891 1509 bicet

302 1537 561 1601 circumveniendi
576 1540 698 1618 partem
713 1539 853 1616 aiteram,
873 1541 978 1620 sicque
999 1541 1064 1603 vio-
1120 1542 1204 1604 enim
1231 1541 1341 1604 elosae
1365 1541 1399 1602 io
1425 1541 1476 1602 cit.
1506 1559 1535 1602 c.
1575 1539 1644 1601 ibis
1673 1541 1888 1622 quaemanibus.

301 1631 449 1710 laudique
462 1629 575 1708 publici
586 1630 711 1709 judlcii;
728 1638 759 1694 et
772 1631 815 1692 sic
837 1637 945 1695 conae
967 1632 1065 1694 bonos
1121 1639 1151 1710 t.
1168 1635 1355 1699 Remittatur.
1373 1639 1405 1697 et
1418 1633 1533 1696 Beldos
1547 1632 1621 1696 ibid.
1637 1651 1669 1694 n.
1681 1635 1710 1695 6.
1723 1640 1754 1695 et
1769 1636 1891 1696 Ancha-

302 1743 404 1788 mores
430 1724 513 1786 foret
535 1723 605 1786 talis
631 1725 772 1786 remissio
800 1731 832 1789 et
851 1727 981 1806 proinde
1001 1743 1069 1788 nou
1119 1745 1215 1790 renus
1229 1739 1261 1790 ιι.
1276 1731 1306 1790 4.
1323 1726 1355 1788 h.
1372 1733 1395 1789 t.
1411 1729 1444 1789 et
1466 1725 1648 1805 Speculator
1668 1725 1715 1788 tit.
1735 1725 1773 1787 de
1798 1726 1887 1789 aare.

299 1821 425 1884 valeret.
442 1821 520 1881 Nam
534 1818 723 1898 generaliter
735 1825 835 1900 pacta,
852 1837 921 1898 qum
936 1821 1066 1882 invitent
1119 1819 1301 1902 §Sequitur
1317 1836 1349 1879 u.
1366 1822 1397 1881 6.
1414 1819 1581 1897 pluresque
1596 1816 1649 1879 alii
1673 1817 1776 1894 rabat,
1797 1819 1888 1896 jum·-

300 1913 340 1978 sd
354 1916 527 1990 peccatum,
543 1929 605 1973 uon
620 1919 694 1974 aunt
708 1914 871 1988 servanda,
886 1915 906 1976 l.
924 1913 1013 1976 Illud.
1029 1913 1062 1977 ff.
1118 1920 1258 1976 mentum
1280 1914 1356 1976 illud
1380 1915 1503 1976 testium
1526 1929 1590 1972 nou
1611 1929 1704 1992 posse
1731 1911 1845 1976 remitti
1869 1932 1888 1974 a

298 2007 334 2070 de
347 2009 448 2071 Portis
460 2005 582 2068 dotalii.
599 2013 630 2068 et
644 2005 700 2068 ult.
714 2006 750 2069 ae
762 2006 863 2070 aare
909 2008 992 2070 unde
1005 2023 1065 2070 nse
1118 2007 1266 2086 partibus,
1282 2007 1341 2067 uisi
1356 2006 1525 2068 accedente
1539 2003 1632 2066 simul
1653 2005 1836 2066 aumontate
1856 2005 1889 2068 et

299 2102 381 2163 velet
394 2107 530 2182 pactum,
546 2119 586 2162 ne
600 2100 690 2163 dolus
704 2107 878 2180 prestetur,
889 2101 911 2162 l.
925 2101 1065 2165 Contrac-
1117 2115 1273 2160 consensu
1285 2097 1418 2176 judicis:
1435 2097 1611 2175 oppositum
1625 2103 1729 2158 tamen
1744 2103 1792 2158 est
1813 2115 1887 2177 pro-

299 2201 355 2256 tus.
371 2195 403 2255 li.
419 2194 454 2256 de
467 2193 540 2274 Ray.
550 2193 617 2274 jar.
630 2192 846 2256 Secusaccidit
860 2193 892 2254 iu
903 2196 1065 2274 ιιἰιιιιιιιιιιι-
1117 2190 1261 2263 habilius,
1279 2197 1342 2251 tum
1367 2209 1423 2270 per
1446 2191 1615 2270 allegatum
1636 2193 1756 2252 textam
1780 2190 1831 2252 cit.
1856 2209 1886 2253 o.

299 2291 331 2348 to
346 2285 493 2348 metium:
516 2303 590 2346 uam
603 2285 698 2364 bojas
718 2285 871 2362 remissio,
894 2287 988 2348 etism
1008 2305 1062 2350 ex·
1121 2285 1190 2348 Tuis
1203 2283 1406 2366 questionibus
1416 2302 1429 2360 ‚·
1446 2290 1510 2344 tam
1535 2284 1626 2363 perl.
1651 2283 1690 2347 Si
1709 2285 1886 2346 cenaene-it.

297 2371 416 2460 pressa,
440 2395 502 2437 nou
526 2377 571 2438 sic
592 2376 710 2439 inducit
733 2378 773 2438 sd
796 2377 1001 2457 peccandum,
1025 2397 1063 2440 eo
1113 2381 1222 2458 jarneto
1236 2378 1416 2439 summario.
1431 2377 1463 2438 a.
1480 2377 1571 2440 datie
1587 2376 1717 2459 judicat.
1733 2376 1786 2440 ubi
1809 2377 1887 2439 dici-

201 2533 206 2544 ,
298 2470 381 2549 quod
401 2484 464 2530 nou
486 2475 596 2549 agatur
617 2470 656 2532 de
680 2471 804 2551 proprio
827 2471 977 2534 interesse
999 2478 1062 2535 tes·
1117 2479 1177 2546 tnr,
1193 2471 1276 2550 quod
1290 2471 1316 2530 si
1330 2477 1433 2551 partes
1449 2461 1652 2548 concordent,
1667 2467 1799 2550 qualiter
1812 2489 1886 2534 seu-

297 2562 386 2636 tiam,
401 2579 421 2622 a
435 2579 496 2641 quo
510 2561 628 2640 lpoilius
641 2562 721 2625 solet
740 2564 862 2626 suimus
886 2565 1059 2642 corrumpi;
1117 2563 1213 2628 tentia
1225 2563 1352 2635 feratur,
1362 2563 1460 2642 judex
1474 2562 1587 2625 debeat
1597 2563 1685 2643 sequi
1705 2581 1814 2624 corum
1829 2579 1888 2625 ao-

296 2655 436 2734 quiuimc
459 2656 671 2735 jurameutum
681 2658 807 2721 metium
820 2658 946 2738 respicit
959 2659 1062 2738 potins
1117 2658 1276 2719 luntatem.
1288 2659 1333 2718 lta
1343 2657 1458 2732 Abbas,
1475 2657 1528 2717 ubi
1543 2675 1648 2736 supra,
1659 2673 1691 2717 ιι.
1703 2659 1740 2726 3;
1757 2655 1887 2736 Pirhiug

295 2746 433 2809 favorem
447 2747 594 2826 partium,
611 2751 660 2810 cui
674 2768 731 2829 per
744 2750 801 2814 bas
815 2751 929 2814 remitti
948 2755 1057 2830 potest.
1116 2749 1147 2812 h.
1164 2757 1187 2812 t.
1203 2769 1234 2812 n.
1252 2753 1326 2822 tta
1343 2749 1521 2812 Farinecius
1536 2750 1568 2811 d.
1584 2753 1693 2828 quaest.
1715 2753 1765 2812 ll.
1782 2769 1822 2812 ιι.-
1833 2755 1886 2813 ar.

297 2840 404 2902 Glossa
417 2861 444 2904 c.
464 2841 533 2905 Turis
552 2843 764 2922 quaerentem.
788 2847 838 2908 39.
862 2849 892 2922 i.
916 2843 1060 2907 Remitta—
1116 2842 1474 2924 alleganspluresolios.
1489 2843 1586 2904 biulto
1601 2842 1820 2923 minuspotest
1833 2845 1886 2924 ju-

297 2937 357 2993 tur.
374 2939 404 2994 et
417 2933 521 2996 abbas
536 2933 610 2996 ibid.
626 2953 658 2995 n.
674 2939 704 2999 6.
721 2935 754 2997 b.
769 2941 792 3000 t.
1115 2937 1175 2997 dex
1195 2935 1335 3014 partibus
1356 2935 1458 2996 invitis
1481 2935 1640 2996 remittere
1662 2935 1778 2998 dictum
1797 2937 1889 3015 jura-

335 3029 407 3091 teu:
433 3027 473 3092 [a
485 3027 651 3090 renitimur
657 3029 860 3110 jwmsentum
874 3029 1059 3101 tesa'basre-

294 3119 424 3201 quai-itur
445 3122 594 3202 utrimque
616 3123 713 3202 partu
731 3141 891 3186 ιιιιιιειιιιιι.
907 3157 947 3172 -
966 3125 1058 3202 llesp.

294 3217 331 3278 Π.
348 3215 396 3277 Ad
410 3215 478 3286 boc,
495 3222 529 3276 ut
551 3215 725 3278 remittatur
741 3217 952 3296 juramentum
975 3216 1059 3280 testi-

295 3307 365 3380 bus,
388 3306 555 3385 requiritur
577 3307 739 3386 utriusque
761 3310 857 3386 pertis
878 3322 1057 3371 cousensus.

295 3402 443 3464 lteJoau.
460 3400 601 3462 audreas
624 3399 676 3462 cit.
701 3419 729 3462 c.
757 3401 824 3464 Tuis
846 3401 1058 3482 questionibus.

296 3515 328 3556 ιι.
345 3499 372 3558 a.
390 3490 709 3557 etnubentium.
725 3494 757 3554 h.
775 3501 809 3566 t.;
820 3493 1058 3556 Farinaciuscit.

296 3594 404 3666 quaest.
421 3591 471 3650 44.
486 3605 519 3650 ιι.
535 3588 586 3649 66.
603 3605 674 3648 cum
688 3587 766 3648 aliis.
792 3588 880 3649 Ratio
905 3593 963 3661 est,
988 3587 1061 3667 quia

295 3683 381 3746 testis
402 3687 526 3744 tenetur
547 3680 716 3752 testificari,
740 3697 796 3760 pro
820 3687 950 3758 atraque
972 3684 1060 3760 parte

295 3775 456 3838 vamtatem
483 3773 686 3854 deponendo;
711 3771 795 3833 unde
817 3772 912 3835 etiam
938 3772 1061 3850 utrique

294 3868 374 3949 parti
392 3873 497 3947 posset
520 3864 732 3944 praejudicium
756 3865 899 3945 generari
922 3883 961 3926 ex
982 3864 1061 3926 falso

296 3963 364 4042 ejus
377 3959 553 4022 testimonio
570 3977 577 4018 :
595 3975 669 4038 ergo
685 3959 844 4038 utriusque
865 3957 961 4036 partis
981 3957 1060 4019 iute-

295 4061 368 4130 rest,
384 4060 419 4117 ut
432 4057 526 4116 testes
539 4049 598 4113 sarh
608 4050 776 4130 juramenti
790 4049 939 4131 religione
954 4050 995 4112 ad
1008 4068 1062 4112 ve-

295 4149 417 4210 ritatem
431 4145 613 4210 edicendam
634 4143 877 4224 compellantem
899 4153 930 4206 et
952 4161 1060 4206 conse-

297 4247 428 4320 quenter
445 4239 485 4301 ad
508 4238 589 4300 istud
609 4239 819 4314 juramentum
843 4236 1061 4298 remittendum

297 4333 462 4412 requiritur
474 4332 567 4393 etiam
581 4331 743 4408 utriusque
762 4331 858 4409 partis
878 4346 1059 4417 consensus·

1115 3036 1265 3102 mentum,
1283 3036 1318 3092 ιιι
1333 3030 1425 3092 tradit
1440 3028 1522 3091 idem
1536 3029 1714 3091 Fariuacias
1728 3047 1760 3092 n.
1774 3032 1824 3093 88.

1154 3125 1223 3185 486.
1246 3121 1364 3184 Dantur
1385 3122 1482 3204 aliqui
1499 3141 1592 3196 casas,
1609 3123 1642 3182 in
1662 3121 1767 3204 quidus
1791 3124 1886 3204 jure

1115 3222 1242 3277 mentum
1255 3213 1373 3277 testibus
1386 3215 1498 3276 remitti
1509 3235 1566 3276 aaa
1576 3224 1681 3296 potest.
1701 3217 1742 3280 Ut
1755 3218 1786 3278 in
1799 3237 1888 3279 roasa

1115 3307 1345 3381 matrimoniali,
1374 3306 1490 3389 quando
1516 3307 1617 3388 oqitar
1640 3305 1676 3370 de
1701 3311 1888 3372 matrimonio

1114 3399 1289 3463 dissoluenda
1303 3422 1315 3463 .·
1329 3402 1403 3463 alias
1416 3421 1505 3464 secra.
1522 3435 1561 3450 -
1574 3405 1669 3482 Reep.
1691 3402 1740 3466 lll.
1767 3407 1889 3466 Dantur

1114 3493 1313 3555 nibilominus
1327 3495 1420 3574 aliqui
1436 3511 1537 3570 casus,
1553 3493 1585 3555 in
1601 3494 1715 3575 quibus
1724 3497 1889 3575 juramen·

1113 3591 1181 3650 tum
1196 3586 1325 3648 testibus
1339 3589 1453 3650 remitti
1468 3605 1532 3648 non
1547 3595 1657 3667 potest.
1678 3591 1722 3650 lta
1743 3605 1885 3650 commu-

1114 3681 1179 3752 nis;
1197 3686 1227 3741 et
1241 3685 1326 3759 patet
1340 3682 1528 3744 inductione.
1546 3681 1596 3744 Sic
1610 3681 1762 3761 imprimis
1776 3683 1889 3761 nequit

1114 3771 1229 3834 remitti
1241 3773 1454 3852 jurameutum
1469 3774 1599 3838 testibus
1613 3772 1644 3833 in
1659 3791 1753 3835 causa
1777 3773 1885 3836 matri-

1114 3865 1253 3940 mouiali,
1269 3866 1394 3946 quando
1416 3867 1520 3948 egitur
1540 3868 1579 3928 de
1602 3867 1800 3930 matrimonio
1821 3867 1885 3928 dis-

1115 3957 1274 4020 solvendo.
1292 3959 1400 4048 illoesa
1414 3959 1445 4019 in
1461 3961 1511 4024 cit.
1528 3977 1555 4020 c.
1576 3959 1644 4021 Tuis
1666 3959 1886 4040 questionibus.

1116 4057 1146 4130 i.
1162 4052 1349 4116 limittatur.
1366 4061 1396 4116 el
1410 4053 1507 4115 abbas
1521 4053 1596 4116 ibid.
1612 4071 1645 4114 ιι.
1662 4058 1692 4116 t.
1702 4061 1735 4116 et
1748 4053 1887 4116 Barboss

1115 4164 1146 4206 ιι.
1163 4147 1192 4208 3.
1208 4135 1242 4208 1ιῖ
1257 4149 1279 4208 ι.
1293 4163 1301 4219 ;
1318 4145 1501 4224 speculator
1513 4147 1565 4210 cit.
1587 4147 1606 4226 ἓ
1628 4145 1780 4228 Sequitur.
1796 4165 1828 4210 ιι.
1844 4151 1884 4220 6;

1114 4239 1293 4302 blasosrdas
1306 4240 1345 4300 de
1369 4238 1546 4301 Probation.
1562 4246 1673 4318 quast.
1693 4241 1724 4299 5.
1749 4257 1884 4318 procem.

1115 4349 1147 4392 11.
1163 4335 1199 4404 3;
1215 4331 1395 4393 Farioacias
1410 4350 1440 4392 ιι.
1457 4335 1506 4394 93.
1524 4339 1555 4392 et
1568 4331 1629 4393 alii.
1645 4331 1743 4409 idque
1760 4331 1884 4404 merito,

293 4426 381 4505 juxte
396 4441 462 4504 reg.
478 4429 528 4487 66.
542 4425 620 4504 juris
634 4425 666 4486 in
679 4425 709 4486 6.
730 4444 745 4482 a
758 4423 846 4495 Quod
861 4440 969 4484 omnes
992 4428 1060 4484 tau·
1115 4443 1155 4488 ne
1169 4425 1306 4504 alioquin
1320 4429 1424 4505 partes
1437 4423 1478 4485 sd
1492 4424 1624 4486 invicem
1639 4423 1795 4486 colludere
1811 4441 1886 4504 pos-

296 4519 351 4599 git,
367 4516 461 4579 debet
475 4517 515 4578 ab
528 4517 672 4579 omuibus
692 4516 869 4596 approbari.
885 4539 899 4575 a
1116 4517 1178 4580 sint
1190 4523 1298 4579 contra
1311 4517 1450 4580 valorem
1463 4518 1663 4592 matrimonii,
1678 4535 1705 4578 c.
1729 4515 1829 4598 Super
1842 4537 1885 4580 ec.

336 4613 406 4673 463.
428 4607 560 4672 Solvitur
572 4611 712 4673 instantio
725 4629 764 4672 ea
777 4629 803 4672 c.
822 4609 895 4672 Tuis
915 4608 1061 4687 quoestio·
1115 4615 1145 4674 6.
1166 4633 1181 4670 a
1203 4613 1247 4671 lle
1271 4627 1320 4690 ec,
1345 4611 1397 4689 qui
1420 4609 1565 4690 cognovit
1588 4627 1738 4690 consang.
1761 4627 1883 4672 uxor.»

296 4703 399 4782 nibus,
415 4701 446 4763 t.
462 4710 483 4766 t.
500 4732 539 4752 -·
551 4702 684 4781 objicies
697 4711 804 4765 conae
818 4703 922 4765 datam
937 4702 1061 4764 conclu·
1116 4705 1213 4767 Secus
1226 4702 1404 4781 dicendum,
1421 4706 1545 4783 quando
1560 4706 1662 4786 agitur
1675 4705 1714 4767 de
1729 4705 1889 4767 matrimo-

297 4795 673 4870 denominassent
691 4795 906 4877 questionibus.
929 4793 962 4855 b.
983 4799 1004 4856 t.
1028 4795 1063 4856 iit
1116 4796 1168 4857 uio
1191 4794 1427 4857 contrahendo:
1452 4799 1526 4858 tuno
1563 4798 1647 4859 enim
1673 4799 1756 4860 benc
1783 4799 1888 4877 potest

297 4892 413 4953 mendo
427 4887 522 4950 solius
543 4905 713 4950 cousensus
736 4889 914 4963 adversarii,
941 4905 996 4949 seu
1016 4903 1064 4950 re·
1116 4888 1255 4968 pertibus
1270 4888 1478 4966 jurameutum
1493 4891 1617 4953 remitti.
1633 4893 1751 4965 illesas,
1769 4892 1886 4966 ebbae,

298 4983 453 5046 missionis
472 4981 639 5059 juramenti
662 4997 720 5061 per
742 4981 844 5060 ipsum
867 4981 971 5055 tectae,
995 4979 1060 5041 ibi:
1115 4981 1308 5054 blascordus,
1324 4981 1473 5060 Barbosa,
1496 4984 1549 5044 ubi
1573 5001 1678 5063 supra,
1706 4983 1888 5062 speculator

300 5099 315 5134 ι
340 5077 402 5139 Nisi
424 5077 504 5138 forte
526 5091 546 5134 a
566 5079 654 5154 parte
675 5074 849 5134 remittatur
870 5074 1023 5135 adversa:
1044 5095 1058 5132 a
1119 5075 1169 5138 cit.
1187 5093 1217 5135 n.
1233 5076 1262 5136 6.
1280 5073 1460 5136 Farinaoius
1474 5095 1505 5137 u.
1521 5078 1590 5138 aaa.
1609 5081 1640 5136 et
1653 5075 1715 5136 elii.

299 5189 373 5252 ergo
400 5167 512 5231 sufficit
548 5185 717 5230 cousensus
754 5166 848 5228 solius
884 5167 1060 5228 adversarii.
1157 5169 1225 5227 436.
1249 5165 1294 5226 Et
1317 5165 1349 5225 iu
1369 5167 1463 5226 causis
1485 5166 1695 5240 criminalibus,
1721 5169 1888 5248 praeeram

298 5265 391 5344 Rasp.
408 5281 479 5343 neg.
495 5265 696 5341 consequent.
712 5261 789 5332 Ouio
809 5261 879 5322 ideo
897 5267 999 5324 textas
1013 5261 1063 5323 ille
1116 5257 1299 5340 capitalibus.
1316 5291 1357 5305 -
1371 5259 1488 5321 Deinde
1504 5262 1611 5340 nequit
1625 5260 1756 5322 testibus
1769 5263 1886 5326 remitti

301 5357 373 5420 lecit
386 5356 576 5418 mentionem
590 5355 741 5416 duntaxat
753 5353 793 5414 de
811 5354 992 5416 remissione
1011 5355 1061 5434 ju·
1112 5353 1327 5432 juramentum
1340 5352 1372 5412 in
1387 5353 1489 5414 causis
1503 5353 1735 5427 crimicalibus3
1753 5372 1885 5434 praeser-
1912 5357 1917 5372 '

299 5449 431 5512 rameru
446 5451 636 5530 perparuam
649 5449 823 5522 adversam,
843 5453 1062 5527 contra-qaam
1117 5445 1172 5508 tim
1182 5444 1386 5526 capitalibus:
1403 5445 1476 5526 quia
1490 5453 1565 5510 tuuc
1578 5465 1640 5509 nan
1654 5447 1757 5526 agitur
1769 5445 1809 5509 de
1822 5449 1887 5528 pri-
