4028 6068
434 255 492 336 §t
516 253 568 315 DE
588 251 798 316 SENTENTIA
818 251 870 315 UT
890 250 957 324 SIC,
979 250 1146 323 FJUSQUE
1167 245 1364 322 DIVISIONE,
1387 247 1468 314 mu.
1681 249 1740 315 269

161 393 205 449 tu.
229 388 347 449 Verum
374 387 537 450 retinendo
565 385 700 467 priorem
727 382 921 447 diuisionem.
979 382 1028 448 cia
1049 399 1081 444 n.
1107 385 1164 456 3ι;
1188 381 1371 449 Frauoiauus
1390 379 1431 443 do
1452 379 1658 462 acceptantib.
1679 381 1739 443 loo.

199 485 250 544 2¹1.
274 479 426 562 Differam
438 482 512 544 enim
525 489 652 561 respean
667 478 713 541 rer'
720 487 927 552 matronarum
981 475 1032 538 ait.
1049 494 1080 539 n.
1097 477 1147 538 tl.

161 571 416 657 etquomodol-
434 576 527 654 Resp.
551 574 586 635 n.
611 573 765 652 Respectu
787 571 833 631 rei
855 585 926 630 con·
1019 566 1069 632 29.
1091 565 1182 650 quue
1195 565 1362 630 declaratur
1375 564 1739 646 induratae-Deinde,

161 671 308 730 &aversae
323 666 471 730 differunt
484 665 584 728 ambe
600 663 759 728 sententiae
774 665 856 724 iuter
869 679 922 724 se:
979 660 1051 724 licet
1065 659 1218 722 sententie
1233 657 1392 720 diffinitive
1406 675 1470 720 nou
1483 659 1597 733 valeat,
1616 659 1676 720 uisi
1696 659 1742 720 ie·

160 761 235 839 qnia
249 759 403 822 sententia
418 757 579 822 diffinitive
598 755 784 820 determinat
802 761 926 818 contro·
978 760 1065 817 ratur
1077 753 1110 814 in
1124 752 1257 832 scriptis,
1272 759 1307 815 et
1323 751 1361 813 de
1383 750 1496 830 scripto
1517 750 1684 824 recitetur;
1707 759 1741 814 ut

160 854 295 915 versiam
309 850 531 935 principalem
549 852 608 913 hoc
622 854 680 926 est,
696 867 753 930 per
773 867 844 910 eam
864 848 923 911 dii·
979 845 1119 926 capuit.
1136 845 1168 908 h.
1185 851 1221 923 t.,
1237 846 1268 906 in
1282 848 1312 908 6.
1328 851 1360 908 et
1372 846 1394 908 l.
1420 844 1475 906 ult.
1496 862 1525 912 e.
1550 841 1584 908 de
1606 844 1739 908 Sentent.

160 947 269 1009 linitur
286 946 445 1028 negotium
468 945 649 1025 principale,
670 942 812 1005 videlicet
835 941 923 1016 illud,
977 959 1014 1003 eu
1029 938 1434 1018 emmerammenses
1447 945 1551 1000 temen
1573 942 1621 1000 est
1634 939 1673 1000 de
1693 938 1744 1000 in·

160 1039 246 1118 quod
271 1037 483 1120 principaliter
511 1035 679 1098 deductum
706 1033 764 1099 luit
792 1035 824 1096 in
843 1034 925 1114 judi·
977 1034 1185 1107 terlocutoria,
1201 1034 1274 1113 quie
1289 1038 1389 1116 potest
1402 1032 1473 1094 terri
1490 1032 1556 1094 siue
1570 1031 1739 1112 scriptum

160 1131 244 1192 cium
257 1150 266 1193 ε
281 1131 327 1194 nti
341 1130 437 1208 liquet
455 1148 493 1190 ex
516 1127 695 1192 definitione
717 1127 813 1208 ipsius
836 1147 867 1188 ιι.
892 1131 922 1192 9.
978 1128 1119 1209 quamvis
1132 1133 1240 1207 postea
1254 1127 1367 1189 debeat
1385 1125 1482 1206 redigi
1502 1124 1535 1187 in
1554 1125 1685 1206 seriptis,
1707 1131 1743 1190 ut

160 1223 331 1305 assignata.
350 1222 440 1285 Unde
463 1221 557 1284 debet
578 1221 737 1285 continere
758 1221 926 1282 absolutio·
978 1229 1127 1302 appareat
1140 1220 1179 1283 de
1193 1219 1261 1301 ipso
1275 1238 1314 1283 ex
1328 1219 1415 1283 actis.
1431 1219 1542 1282 Glossu
1555 1239 1582 1284 c.
1600 1219 1742 1296 oanan

159 1335 246 1390 nem,
262 1317 311 1379 rel
326 1316 632 1386 condemnationem:
649 1313 737 1378 aliter
750 1331 812 1375 non
827 1312 921 1375 velet:
977 1323 1088 1378 canna.
1119 1318 1151 1390 t.
1180 1309 1427 1378 latertacationea.
1453 1311 1490 1376 de
1512 1311 1682 1374 Probation.
1710 1315 1743 1376 et

160 1418 193 1472 ut
206 1410 227 1472 l.
244 1411 270 1472 1.
283 1410 317 1471 ff.
333 1410 369 1472 de
382 1407 558 1490 Rejadicut.
571 1415 601 1470 et
615 1408 636 1469 l.
653 1406 776 1470 Proser.
801 1423 829 1468 e.
853 1404 922 1467 eod.
978 1407 1040 1470 alia
1053 1406 1161 1469 Glossa
1175 1406 1207 1468 in
1227 1424 1297 1486 cap.
1318 1407 1374 1470 ult.
1397 1410 1428 1485 t.
1455 1404 1634 1486 Dtsfinr'tioa.
1659 1405 1691 1468 h.
1715 1411 1738 1468 t.

159 1503 342 1584 speculator
354 1503 395 1566 tit
408 1502 445 1565 de
465 1501 626 1564 Sententia.
649 1500 668 1580 ᾗ
690 1499 815 1580 specta.
837 1517 869 1560 u.
892 1499 921 1560 3.
978 1500 1010 1562 in
1023 1503 1053 1563 6.
1070 1500 1174 1563 abbas
1189 1519 1257 1583 cap.
1273 1519 1296 1564 1.
1316 1520 1349 1563 n.
1370 1503 1420 1563 tt.
1442 1498 1479 1562 de
1499 1497 1642 1562 Postulat.
1660 1515 1743 1582 pre·

158 1595 299 1660 Maranta
317 1597 458 1677 part.vl.
474 1593 701 1677 Specultaarei.
725 1593 771 1656 tit.
796 1591 831 1654 de
852 1590 925 1654 Sen—
978 1593 1029 1657 lat.
1059 1593 1239 1674 speculator
1265 1595 1311 1658 tit.
1341 1592 1376 1656 de
1401 1591 1562 1655 Sententia.
1590 1590 1608 1670 ἐ
1634 1587 1739 1654 tuceta.

159 1689 260 1751 tenua.
284 1707 317 1751 n.
341 1689 371 1750 3.
396 1687 521 1750 Saaocie
540 1687 600 1749 loo.
623 1687 675 1748 cit.
695 1703 727 1750 n.
751 1685 779 1747 ι.
805 1683 921 1746 etalii.
977 1707 1009 1750 ιι.
1042 1692 1089 1751 ll.
1113 1689 1296 1751 Franciscus
1316 1689 1356 1750 de
1380 1685 1582 1767 acceptentib.
1604 1685 1664 1748 loo.
1687 1686 1739 1748 eit.

158 1782 183 1842 li
203 1784 313 1842 conim
326 1779 477 1842 sententia
491 1775 721 1840 interlocutoria
741 1793 804 1838 non
824 1776 926 1836 deter·
976 1800 1009 1842 n.
1024 1786 1064 1856 ὃς
1079 1781 1219 1844 Marenen
1233 1781 1285 1843 uhi
1301 1799 1406 1862 supra,
1428 1798 1460 1841 n.
1485 1781 1542 1851 123
1562 1774 1689 1858 Pirhing
1706 1777 1738 1838 h.

158 1873 268 1943 minat,
293 1890 395 1952 neque
418 1872 527 1933 diffinit
549 1888 675 1934 causam
699 1867 921 1950 principalem
976 1876 1000 1936 t.
1015 1891 1048 1936 n.
1064 1878 1093 1936 t.
1110 1873 1218 1935 etalii.
1234 1875 1381 1945 Quamvis
1396 1871 1561 1936 enimhoec
1581 1869 1740 1932 sententie
1768 1873 1775 1881 '

160 1967 215 2029 sed
231 1967 418 2030 determinat
432 1965 740 2048 solumlqnestiones
760 1978 923 2042 emergeu·
976 1965 1215 2029 interlocutoriae
1237 1966 1374 2028 redactio
1397 1965 1429 2026 iu
1453 1963 1653 2043 scripturam,
1676 1979 1741 2024 nou

157 2066 205 2122 tes
220 2067 254 2124 et
267 2060 449 2137 incidentes,
466 2067 536 2138 qua
551 2057 692 2144 oriuntur
711 2055 791 2118 inter
809 2053 924 2135 priuci-
976 2059 1015 2124 sit
1028 2060 1204 2122 necessarie
1217 2055 1258 2126 ad
1272 2057 1463 2122 validitatem
1477 2061 1576 2132 ectus,
1587 2073 1625 2118 ea
1634 2059 1740 2118 ιιιιιιιι

158 2153 247 2232 pium
276 2160 309 2216 et
338 2153 433 2215 finem
465 2151 682 2214 controversiae
716 2147 920 2230 principatu
975 2153 1142 2232 requiritur
1161 2152 1202 2213 ad
1224 2151 1459 2233 probationem:
1485 2165 1559 2209 nam
1581 2145 1740 2209 aliusnon

157 2253 252 2326 prout
266 2248 361 2308 etiarn
382 2250 502 2308 cunstat
522 2264 560 2307 ex
581 2244 722 2324 ejusdem
744 2241 921 2303 definitione
975 2245 1110 2311 creditur
1120 2245 1229 2325 judici,
1245 2243 1304 2310 nisi
1319 2244 1357 2306 de
1372 2237 1740 2324 ipsapateetperseriptu

156 2355 187 2400 n.
213 2341 264 2400 12.
290 2337 373 2413 data,
398 2339 430 2399 et
451 2341 538 2399 tenet
561 2336 664 2398 Abbas
685 2333 726 2396 ed
749 2333 862 2394 rubrio.
887 2331 919 2394 h.
976 2334 1561 2416 inanns‚01t,0‚0u0atamaoaerert.
1586 2332 1604 2412 ξ
1625 2332 1679 2394 fin.
1704 2329 1741 2394 de

155 2434 178 2493 t.
201 2435 244 2504 ὃς
271 2431 452 2511 Speculalor
473 2429 534 2491 loe.
560 2447 586 2491 c.
611 2445 643 2490 n.
670 2429 707 2501 ις
731 2427 870 2492 iterante
888 2426 919 2492 d.
976 2429 1146 2494 Probntr'on.

155 2541 187 2584 ιι.
202 2528 236 2586 3.
252 2531 285 2586 et
299 2523 482 2586 communis.
499 2523 576 2586 Hinc
591 2521 684 2584 etiam
698 2519 742 2596 lit,
763 2520 847 2601 qaod
868 2538 923 2600 ep-
1015 2527 1065 2588 30.
1088 2526 1219 2604 iusuper
1232 2521 1385 2586 sententia
1398 2518 1630 2584 diffinitiveuon
1640 2518 1742 2596 potest

155 2617 326 2696 pollutione
340 2615 499 2678 sententie
514 2613 693 2696 simpliciter
707 2613 798 2684 laetu,
815 2614 923 2675 intelli·
976 2617 1049 2679 terri
1063 2617 1122 2676 nisi
1132 2615 1239 2696 judice
1254 2633 1309 2696 pro
1323 2613 1470 2677 tribunali
1482 2613 1621 2684 sedente,
1631 2611 1652 2673 l.
1666 2609 1741 2676 Cum

157 2715 251 2790 gutur
260 2710 412 2772 duntaxat
421 2707 592 2783 diffinitiva,
602 2725 666 2769 non
677 2705 919 2780 interlocutorie;
975 2711 1156 2775 senentiam,
1187 2729 1215 2774 e.
1245 2708 1280 2772 de
1306 2707 1436 2772 sentent.
1464 2717 1493 2770 at
1525 2705 1738 2770 celebratata.

153 2801 218 2864 imo
234 2803 306 2882 haec
328 2803 448 2864 nonsit
469 2803 593 2882 proprie
616 2799 780 2878 sententie,
802 2801 837 2862 ut
855 2799 921 2879 jum
975 2821 1052 2865 omn.
1060 2800 1156 2883 judic.
1172 2801 1237 2863 Nec
1249 2796 1741 2879 nisipartibuspreseutibusaut

153 2894 274 2957 dictum
288 2913 321 2955 ιι.
337 2897 367 2956 t.
974 2895 1083 2956 saltem
1103 2893 1240 2973 legitime
1262 2891 1374 2970 uitatis,
1400 2894 1432 2954 et
1452 2888 1675 2954 contumaciter
1688 2888 1741 2950 ab·

193 2989 246 3048 28.
269 2981 423 3064 Differam
451 2983 549 3066 quood
576 2981 704 3046 ordinem
726 2979 922 3062 judiciarium
976 2987 1116 3050 sentibus
1138 2986 1159 3051 l.
1185 2985 1234 3047 Ειι
1257 3002 1334 3068 quo.
1360 2983 1435 3046 etl.
1458 2983 1738 3047 Consentaneum.

151 3077 502 3158 anaplum-nep.
514 3078 562 3140 111.
575 3076 682 3149 Quoad
692 3077 831 3138 ordinem
837 3075 921 3156 judi·
977 3078 1123 3156 Quomodo
1136 3077 1292 3162 equando
1306 3075 1414 3160 judea,
1438 3081 1498 3140 ete.
1521 3093 1592 3137 eum
1613 3092 1741 3136 concor-

150 3172 275 3233 ciarum
296 3170 505 3251 multipliciter
524 3171 628 3232 differt
641 3169 793 3232 sententia
812 3168 922 3231 diffini·
975 3173 1101 3236 deutiis.
1117 3173 1212 3234 Seuue
1226 3177 1274 3233 est
1287 3170 1455 3233 dicendum
1469 3169 1508 3231 de
1524 3167 1677 3230 sententia
1693 3167 1741 3226 iu·

150 3263 216 3325 tire
240 3264 284 3326 ab
308 3265 546 3327 interlocutoria.
577 3261 735 3343 Siquidem
763 3262 921 3324 diffinitiva
975 3265 1193 3340 terloentoria;
1210 3283 1282 3328 nem
1298 3265 1355 3326 ista
1374 3269 1476 3344 potest
1496 3259 1623 3343 proierri
1646 3260 1740 3324 etiem

149 3374 217 3418 ιιοιι
232 3364 335 3436 potest
353 3357 437 3433 terri,
462 3358 538 3438 quin
563 3357 756 3439 precesserit
778 3356 865 3431 ordo,
890 3363 921 3418 et
974 3365 1063 3446 perte
1085 3361 1226 3436 absente,
1247 3378 1285 3421 ac
1306 3376 1363 3438 per
1383 3356 1538 3431 nuntium,
1561 3355 1609 3418 vel
1629 3353 1742 3436 episto-

149 3450 217 3511 teta
236 3449 421 3529 judiciarie:
446 3451 502 3531 qui
522 3452 598 3512 ordo
621 3450 754 3512 refertur
773 3469 792 3511 a
812 3449 920 3510 Glosse
974 3457 1048 3534 lem,
1061 3455 1083 3515 l.
1100 3451 1185 3516 Diem
1197 3455 1340 3536 prolem,
1357 3449 1389 3514 ff.
1405 3448 1440 3512 de
1453 3447 1594 3531 Recepta.
1605 3446 1739 3528 arbitrie,

150 3562 206 3604 un·
224 3545 258 3605 in
271 3544 294 3606 l·
309 3543 474 3607 Prolutom·
491 3562 518 3606 ο.
545 3543 581 3606 de
604 3542 734 3607 Sentett·
758 3549 786 3603 el
805 3541 921 3605 intento·
975 3550 1027 3612 uhi
1041 3549 1181 3611 Bertolus
1195 3547 1217 3608 l.
1234 3545 1403 3609 Summario
1413 3561 1428 3621 ;
1450 3543 1558 3606 Glossa
1580 3541 1612 3603 iu
1634 3539 1655 3605 1.
1678 3539 1741 3604 Nec

147 3646 210 3700 aut.
229 3657 311 3701 omn.
325 3637 424 3700 laea.
441 3642 472 3700 et
486 3657 513 3700 a.
531 3638 671 3714 Quonam
684 3645 795 3698 eontra.
812 3636 920 3716 juncta
974 3642 1140 3725 quicquam.
1158 3643 1189 3719 t.
1206 3637 1372 3702 Decretum.
1397 3637 1429 3699 fl.
1452 3636 1487 3699 de
1507 3635 1595 3718 Olfiu.
1615 3653 1739 3716 procae

147 3730 263 3792 Glossa
279 3739 310 3793 et
328 3729 506 3794 doctoribus
528 3731 603 3794 ibid.
627 3729 664 3792 de
683 3728 805 3792 Probat.
827 3737 921 3810 atque
973 3733 1029 3798 snt.
1046 3731 1264 3796 ettilossefin.
1289 3729 1323 3791 in
1341 3731 1363 3792 l.
1385 3731 1412 3793 A
1430 3728 1610 3812 medente.
1629 3728 1739 3808 juncto

147 3824 267 3904 intrafi
281 3827 311 3886 t.
328 3843 359 3886 ιι.
376 3829 427 3888 57.
443 3843 481 3887 aa
495 3842 582 3906 seqq.
598 3825 661 3902 ete
678 3826 708 3886 3.
729 3840 786 3905 per
807 3828 919 3900 totum,
973 3833 1059 3892 textu
1078 3825 1153 3889 ibid.
1175 3841 1203 3887 c.
1226 3822 1261 3886 ete
1281 3823 1477 3902 Ditotiunit.;
1499 3822 1679 3885 Franciseus
1699 3820 1739 3885 de

146 3919 259 3996 quoad
274 3919 485 3992 solemnitates
499 3915 689 3980 necessarias
703 3915 918 3978 declarabitur.
974 3916 1186 4000 acceptantib.
1203 3917 1256 3979 nit.
1273 3935 1305 3980 n.
1326 3922 1356 3980 8.
1380 3923 1410 3978 et
1432 3917 1490 3991 {03
1511 3915 1661 3990 Maronia,
1683 3909 1739 3976 ubi

145 4010 254 4084 Adeo,
271 4015 306 4072 ut
318 4009 344 4070 si
365 4011 517 4073 sentemia
538 4008 700 4072 diffinitiva
719 4007 836 4070 teratur
856 4027 919 4072 uon
975 4030 1080 4092 supra,
1095 4029 1128 4073 n.
1146 3999 1194 4073 il.
1215 4009 1299 4074 istud
1318 4009 1493 4091 intelligens
1513 4007 1552 4070 de
1575 4005 1740 4068 interlocu-

145 4109 278 4164 servaro
305 4103 498 4165 substantiali
527 4101 636 4165 ordine
662 4099 846 4180 judiciario,
882 4101 929 4168 sit.
975 4105 1064 4182 toria,
1081 4121 1151 4182 quse
1166 4108 1213 4164 est
1227 4102 1304 4165 levis
1317 4100 1477 4165 momenti.
1496 4101 1650 4164 Tenentur
1668 4099 1737 4162 alie

145 4197 239 4258 nulla
253 4196 295 4258 de
310 4197 377 4278 ipso
387 4196 471 4275 jure,
481 4210 540 4258 nuo
555 4193 770 4258 auctoritatem
783 4193 828 4255 rei
841 4193 921 4273 judi·
974 4197 1150 4262 consimiles
1171 4195 1356 4262 differentia
1380 4193 1521 4257 ordinem
1540 4190 1738 4273 judiciarium

144 4298 228 4352 cetae
250 4287 390 4352 inducat.
412 4289 595 4370 speculator
622 4289 670 4351 tit.
699 4286 736 4350 de
757 4287 918 4350 Sententia.
973 4290 1184 4372 respicientes.
1253 4353 1257 4358 ,

142 4383 163 4463 5
191 4381 267 4446 Non
294 4380 459 4445 uidendam.
483 4401 515 4444 n.
541 4385 578 4458 ις
602 4381 783 4444 Franciscus
799 4381 839 4443 de
866 4399 918 4442 eo·
1012 4387 1062 4448 31.
1083 4382 1235 4465 Differam
1248 4381 1328 4444 nurse
1341 4380 1437 4464 aaut
1450 4377 1576 4462 effectae.
1591 4377 1735 4459 -Itesp

143 4473 363 4557 captantibus,
377 4477 432 4538 ubi
446 4495 552 4558 supra,
568 4494 598 4540 ιι.
615 4479 654 4553 ⁷3
677 4473 803 4538 Saecula
822 4476 842 4538 l.
865 4475 917 4537 cit.
973 4475 1023 4543 IV.
1039 4477 1198 4541 Sententia
1212 4474 1372 4542 diffinitive
1388 4483 1419 4536 et
1431 4471 1661 4536 interlocutoria
1680 4469 1739 4534 dil-

141 4587 177 4632 ιι.
195 4569 479 4644 30.ὀιιιιιι.ιιίοι;
497 4577 590 4652 etque
611 4569 684 4632 hinc
705 4587 737 4632 n.
762 4572 814 4632 at.
838 4569 921 4631 exci·
973 4575 1078 4635 ferunt
1092 4570 1174 4634 varie
1192 4568 1297 4652 quoad
1311 4568 1451 4643 effectus,
1462 4567 1514 4648 qui
1528 4567 1569 4630 eb
1582 4567 1655 4647 ipsis
1669 4584 1739 4646 pro·

141 4663 241 4744 piens
256 4677 380 4740 causas,
401 4679 470 4742 quae
493 4663 690 4724 summeriter
709 4680 745 4727 ac
766 4662 805 4724 de
825 4663 918 4744 plano
972 4671 1111 4730 manant.
1127 4668 1171 4728 lte
1185 4662 1335 4742 iterante,
1351 4659 1487 4738 Soeccie,
1502 4661 1684 4724 Franciseus
1697 4660 1737 4724 de

140 4763 286 4837 possunt
299 4757 436 4832 tractari,
453 4757 542 4835 juxta
555 4756 651 4818 clem.
666 4753 752 4837 Saepe
765 4755 917 4837 continuit.
973 4757 1215 4842 acceptantibus,
1232 4755 1285 4819 uhi
1301 4774 1405 4836 supra,
1421 4763 1452 4819 et
1465 4751 1537 4830 alii;
1557 4751 1651 4836 idque
1664 4773 1737 4838 pro·

140 4851 178 4914 de
202 4848 292 4916 Vert.
308 4850 413 4932 aenis.
429 4851 674 4914 Sententiarum
689 4850 920 4913 interlocutoria
972 4856 1065 4919 batur
1077 4848 1265 4930 inductione,
1282 4849 1472 4914 declarando
1495 4850 1590 4914 talem
1609 4846 1736 4914 diversi·

139 4951 254 5026 potest
278 4944 352 5006 terri
375 4944 460 5006 nulio
489 4943 597 5007 ordine
616 4943 779 5024 judiciario
802 4961 920 5024 praece·
974 4957 1066 5015 tatem
1080 4949 1257 5012 effectuum.
1275 4944 1379 5010 Primo
1394 4947 1489 5011 etiam
1509 4945 1662 5009 sententia
1679 4942 1736 5006 dii·

139 5041 259 5113 dente,
283 5037 336 5118 qul
360 5036 402 5098 ed
423 5033 508 5099 illem
532 5037 714 5100 ordinetur:
737 5039 812 5100 dum
835 5037 918 5101 enim
971 5042 1099 5119 linitiva,
1115 5059 1210 5124 aqua
1225 5059 1287 5104 non
1302 5045 1350 5104 est
1369 5041 1570 5125 appellatum,
1591 5039 1735 5102 terminet

138 5138 295 5196 servatur
310 5131 386 5195 ordo
397 5129 579 5212 judiciarius
592 5133 625 5192 in
640 5130 747 5194 ordine
761 5131 924 5208 eddiffiniff
971 5143 1068 5200 tutam
1082 5126 1328 5216 causam,‘eique
1342 5135 1436 5216 linem
1449 5131 1596 5216 imponit:
1612 5149 1675 5193 noa
1689 5129 1735 5194 sic

136 5223 259 5300 tieem,
276 5225 391 5305 sapius
406 5225 565 5306 contingit,
581 5231 616 5288 ut
630 5225 711 5286 intre
727 5225 827 5308 ipsam
845 5243 920 5307 pro·
972 5223 1123 5293 sententia
1137 5229 1386 5303 interlocutoria;
1403 5227 1447 5290 uti
1462 5231 1547 5307 patet
1559 5244 1599 5288 ex
1620 5225 1735 5288 ubine·

135 5335 259 5386 cessus
281 5319 528 5397 fabricationem,
553 5335 608 5382 seu
631 5319 792 5398 ordinem,
821 5321 918 5402 judex
971 5342 1030 5406 qne
1044 5321 1223 5386 delinitione
1237 5321 1457 5404 superiusjam
1470 5318 1616 5403 allegata.

134 5415 388 5498 interloquatur.
406 5413 688 5480 nannetense.
704 5434 735 5479 a.
751 5417 809 5494 203
829 5415 918 5478 Scae·
1010 5418 1060 5482 32.
1083 5413 1295 5480 coadunantur
1309 5413 1344 5478 de
1358 5412 1479 5478 crimine
1489 5431 1546 5498 per
1565 5411 1734 5480 sententium
