4026 6054
246 271 251 281 ·
336 269 356 350 s
372 269 397 332 1.
417 269 469 335 us
488 268 658 334 insons
677 269 846 335 musicis
866 269 1171 338 emsanmrosn
1190 269 1402 353 nausson,
1425 267 1508 339 nro.

172 407 243 468 rra,
267 402 390 468 cates
405 402 727 483 jeamena-'cem
752 411 897 481 eece
1305 408 1366 487 512

133 499 257 584 proliter
268 495 438 580 mistui?
446 531 485 544 -
498 498 593 578 iissp.
608 500 655 560 ht.
672 497 761 570 Quod
774 499 800 560 si
813 499 901 578 quies

133 595 214 676 pium
237 591 422 656 dmm
441 592 659 670 hemenonem
682 599 782 655 mm
810 609 900 658 em·
951 568 1137 636 nsnrsnos
1156 569 1285 622 otm1c1s
1303 570 1535 620 consentaneis
1552 575 1716 646 mensur,

1011 661 1049 710 er
1070 652 1279 722 mucosnuro,
1302 665 1446 718 noioeane
1465 665 1657 716 rsonsrrons.

131 687 228 750 cuerit
259 685 393 764 (mendo
421 683 566 748 videlicet
592 684 814 764 jocnietdrem,
842 686 899 750 sen

131 783 322 854 histrionem,
338 778 499 856 hutonem,
520 778 586 842 eivs
605 781 792 860 gelicidumq
809 777 898 864 jure
988 785 1022 844 i.
1045 780 1145 844 Οηιὸιίε
1170 791 1302 862 mrpccto
1328 782 1501 846 cohabitatio
1533 790 1598 847 tutu
1624 785 1717 848 cltsrd

131 875 340 938 diversitatem
366 873 556 954 inguarum)
583 873 678 954 etque
701 893 759 958 par
780 875 899 940 ennam
951 891 1034 952 mart,
1063 884 1105 938 eet
1130 876 1241 939 cimbis
1266 875 1429 940 interdicto.
1454 893 1495 926 ·-·-
1515 877 1668 952 Oureritur
1690 883 1715 943 i.

131 971 230 1033 artem
253 966 431 1049 hujusmodi
450 969 691 1048 ignominiosam
713 969 896 1043 exercuerit,
952 972 1099 1045 Qualiter,
1111 974 1143 1034 et
1152 967 1344 1050 quibuscum
1355 970 1547 1048 mulieribus,
1559 965 1716 1050 prohibite

130 1071 205 1126 tuno
218 1064 286 1143 ipso
303 1063 376 1143 jure
398 1063 538 1142 priietns
561 1069 608 1126 cst
629 1064 713 1126 omni
736 1063 898 1146 privilegio
952 1065 992 1127 sit
1009 1059 1129 1126 clericis
1147 1057 1357 1126 cohabitatioi
1371 1066 1463 1144 Resp.
1484 1067 1506 1127 1.
1527 1065 1633 1128 Omnis
1651 1083 1719 1128 sus·

129 1157 284 1220 clericali:
302 1158 329 1219 ei
342 1155 450 1219 butoni
463 1163 604 1236 tempore
617 1157 751 1222 brenen
761 1158 794 1220 id
802 1175 899 1238 pres-
951 1162 1042 1238 pecte
1083 1156 1270 1220 cohabitatio
1309 1167 1381 1222 uum
1421 1160 1518 1222 sttero
1558 1175 1634 1222 sexu
1668 1165 1717 1224 est

130 1253 235 1318 titeritc
263 1257 296 1314 et
320 1251 414 1315 tertio
441 1251 577 1314 monitus
598 1253 638 1315 eb
657 1253 813 1316 ordinario
833 1268 897 1316 non
951 1250 1070 1314 clericis
1084 1245 1141 1332 pier
1154 1260 1259 1313 saeros
1273 1263 1408 1314 canones
1422 1252 1717 1328 interdicte3uthon

129 1345 269 1420 domitet,
283 1345 691 1424 priietnrpersdntontiant
706 1347 790 1408 omui
804 1347 899 1426 priri⁴
950 1343 1071 1409 tantum
1094 1345 1225 1426 abipso
1246 1344 1332 1408 ioedc
1360 1357 1465 1425 opere,
1495 1346 1551 1410 sed
1577 1348 1671 1410 etiem
1698 1366 1718 1410 a

127 1439 212 1520 legio
226 1439 371 1502 clericali.
388 1442 431 1502 ita
445 1442 548 1502 textus
562 1439 593 1502 in
608 1455 676 1520 rep.
693 1457 715 1500 1.
730 1439 763 1502 h.
778 1446 801 1504 t.
818 1442 894 1504 ind.
951 1441 1061 1517 quovis
1075 1439 1223 1522 periculo,
1238 1446 1332 1520 atque
1347 1439 1523 1522 suspicione
1537 1442 1634 1520 ipsius
1648 1442 1717 1503 red·

128 1539 160 1595 et
174 1533 317 1596 doctores
332 1533 407 1596 ibid.
423 1531 518 1612 quue
532 1533 642 1596 merito
656 1551 663 1596 :
679 1548 753 1594 nem
767 1529 897 1596 clericus
951 1533 1064 1596 dantur
1089 1534 1254 1596 immunes.
1289 1527 1367 1595 iiiuc
1401 1533 1715 1616 candescentem.

124 1627 281 1706 joculator
303 1626 436 1688 multum
459 1625 595 1690 detrahit
616 1626 757 1707 dignitati
778 1626 897 1690 ordinis
951 1623 1021 1690 dist.
1030 1625 1381 1706 cessissemusne
1388 1615 1593 1708 Nepotianum,
1604 1625 1639 1690 de
1652 1627 1717 1690 Vita

126 1720 289 1797 clericulis,
313 1733 386 1782 cum
408 1717 563 1784 mercedis
584 1728 680 1782 ceusu
701 1719 794 1782 faciet
816 1719 897 1782 lodi·
953 1717 1141 1794 Clericus-um,
1157 1720 1189 1782 in
1203 1721 1271 1782 beo
1289 1721 1386 1783 verbe
1404 1721 1562 1801 scripsisse
1581 1722 1713 1801 legitur:

125 1813 231 1876 brium
245 1813 303 1876 sot.
319 1812 409 1877 Unde
422 1813 516 1876 etiam
535 1816 686 1892 spectato,
708 1814 781 1893 jora
802 1815 894 1892 civiti,
953 1813 1188 1894 «Hospitiolum
1204 1819 1292 1875 tuum
1305 1819 1359 1874 ont
1372 1828 1454 1887 raro,
1470 1819 1525 1876 ent
1542 1823 1715 1893 nunqnam,

121 1909 316 1990 joculatores
328 1911 496 1969 censentur
519 1905 662 1976 infames,
687 1906 708 1968 l.
733 1905 770 1970 ΙΙ.
794 1901 828 1968 ff.
854 1907 897 1970 De
950 1906 1117 1970 mulierum
1131 1903 1227 1985 pedes
1240 1911 1351 1968 terent.
1368 1905 1446 1977 Quia
1458 1921 1521 1968 non
1535 1910 1639 1986 potest
1652 1913 1716 1970 toto

125 2001 183 2076 tis,
200 2002 253 2082 qni
263 2007 401 2062 notemur
413 1998 517 2079 intem.
533 2001 572 2062 nt
585 1999 711 2079 quidem
727 2003 795 2081 ipso
802 2003 893 2083 jure;
950 2001 1043 2066 corde
1058 2003 1130 2062 oum
1144 2001 1208 2062 Deo
1222 1999 1374 2073 habitere,
1391 1998 1444 2078 qui
1454 1998 1651 2062 foeminarum
1667 2015 1719 2062 ao·

125 2092 532 2176 prontudtetdlossaibid.
550 2097 581 2172 t.
599 2091 721 2174 Drytm't.
950 2093 1089 2157 cessibus
1115 2093 1290 2173 copulatur.
1322 2093 1464 2154 Foemina
1496 2091 1716 2156 conscientiam

169 2192 237 2252 tid.
259 2187 365 2250 lurco
384 2183 550 2248 damonum
572 2195 640 2248 tunt
662 2185 773 2248 cler-ebir
793 2187 895 2267 proisi·
951 2203 1058 2248 secem
1079 2186 1195 2264 pariter
1215 2185 1383 2248 bobitebtis
1407 2185 1518 2247 exurit.
1551 2183 1717 2263 Nunquam

126 2283 208 2346 dite.
223 2304 264 2332 -s
276 2283 369 2361 Rsep.
383 2281 436 2362 JV.
453 2279 579 2342 creticis
593 2277 689 2341 ettam
706 2279 898 2358 prohibitum

125 2381 186 2447 est,
201 2373 498 2437 lacaedemonem
517 2375 591 2434 onte
614 2389 648 2434 se
670 2371 742 2434 ferri
766 2389 898 2436 consen-

125 2470 205 2532 tire:
226 2469 299 2548 qoie
322 2467 383 2530 boc
404 2472 452 2527 est
472 2465 671 2540 diabolicum,
694 2483 764 2529 can.
789 2463 897 2530 Nullos

121 2559 371 2642 petpreonon.
388 2555 425 2620 de
443 2556 562 2621 Cottae.
587 2557 656 2620 dist.
682 2561 713 2620 5.
738 2559 897 2639 Multoque

124 2655 238 2733 magis,
253 2652 347 2714 turris
361 2669 394 2714 se
408 2658 514 2731 tegere
529 2669 557 2713 c.
580 2649 657 2713 Com
680 2650 820 2714 damam·
845 2654 895 2715 ih.

124 2748 158 2808 b.
175 2754 198 2808 t.
215 2745 375 2819 Bellettus,
390 2744 443 2807 ubi
457 2759 565 2824 supra.
580 2744 599 2824 §
612 2745 661 2806 23.
678 2761 710 2806 n.
727 2747 757 2808 8.
779 2747 897 2808 Tacen-

125 2845 177 2902 tor
195 2839 286 2918 pluro
307 2836 498 2916 hujusmodi,
521 2853 591 2916 qum
615 2837 723 2913 vitam,
753 2836 898 2900 honestu-

122 2935 253 3012 temque
286 2929 470 2992 clericorum
505 2929 753 3005 commaculent,
790 2931 897 3010 sicque

122 3023 275 3104 fugiende
290 3026 382 3096 sunt;
399 3029 454 3085 eut
467 3021 700 3096 commendant,
716 3041 752 3084 ao
766 3023 897 3102 proinde

122 3114 246 3178 clericis
259 3121 332 3176 sunt
345 3113 580 3193 prosequenda3
597 3114 637 3174 de
656 3114 769 3194 quibus
783 3122 850 3178 tum
864 3116 897 3176 in

123 3209 250 3272 herere
264 3207 412 3279 &abbat
427 3207 576 3284 librisque
590 3205 786 3269 discretalium
796 3227 811 3286 ,·
829 3211 896 3270 tum

127 3301 160 3362 in
174 3299 307 3364 diversis
321 3297 597 3361 Constitutionibus
615 3297 791 3378 apostolicis
810 3317 898 3379 sper·

121 3396 182 3458 sim
196 3393 323 3473 egiturt
339 3397 434 3471 eiquo
448 3408 505 3470 per
523 3389 689 3453 Bullatium
708 3390 829 3471 integro
850 3397 897 3453 to-

120 3506 192 3561 mo,
226 3482 399 3568 disquisitio
427 3483 568 3545 clericatis
597 3481 773 3557 intitulato,
803 3485 836 3544 et
862 3482 895 3544 in

951 2281 1112 2343 deformis
1129 2279 1296 2342 mulierum
1318 2280 1467 2358 disputes.
1491 2278 1640 2341 Foemince
1661 2291 1718 2338 no-

951 2392 1024 2436 men
1037 2381 1125 2436 tuum
1144 2373 1306 2448 noverint;
1321 2374 1448 2435 'mitum
1471 2373 1622 2434 nescient.
1645 2372 1719 2433 1²oe-

950 2467 1084 2540 minam‚
1110 2483 1204 2546 qnam
1227 2465 1308 2528 bene
1331 2453 1446 2528 videris
1469 2471 1721 2536 conversantem,

951 2569 1055 2624 menta
1077 2561 1189 2643 dilige,
1213 2573 1277 2620 non
1298 2559 1452 2638 corporati
1474 2557 1661 2638 frequentia.
1688 2557 1721 2619 Si

950 2655 1070 2716 bonum
1083 2658 1140 2728 est,
1157 2650 1318 2712 mulierem
1342 2665 1406 2710 non
1428 2657 1576 2728 tangerep
1601 2647 1719 2709 mulum

952 2749 999 2808 est
1013 2762 1099 2825 ergo,
1113 2747 1255 2822 tongere.
1270 2761 1286 2798 u
1304 2742 1377 2802 iimc
1390 2740 1444 2802 ibi.
1460 2739 1634 2802 Concordat
1647 2757 1717 2800 een.

951 2837 1082 2920 Leqitor.
1099 2837 1170 2899 dist.
1193 2837 1244 2898 8i-.
1269 2833 1323 2895 uhi
1345 2834 1488 2906 retertur,
1513 2830 1544 2895 S.
1570 2831 1720 2914 romen-

951 2951 1027 2996 num
1050 2945 1201 2992 neceam
1222 2943 1329 2992 sorore
1351 2941 1409 2990 sne
1426 2923 1720 2996 hebitsrs'eonsen·

951 3028 1026 3090 sisse
1041 3025 1193 3089 dicendo:
1217 3025 1319 3097 rsonae
1335 3037 1407 3086 com
1421 3033 1527 3084 sorore
1540 3038 1614 3085 mee
1631 3030 1715 3098 eunte

951 3133 1074 3184 sorores
1087 3135 1166 3182 mete
1180 3129 1245 3180 non
1260 3124 1351 3180 sunt:
1368 3139 1382 3176 e
1397 3117 1505 3196 juncto
1520 3131 1589 3179 cau.
1606 3117 1644 3179 Ic
1658 3135 1719 3177 ons-

950 3214 1044 3277 oidus.
1062 3219 1093 3276 et
1106 3227 1175 3275 can.
1198 3206 1457 3274 Archidiccocom
1482 3213 1514 3272 st
1533 3225 1603 3272 can.
1627 3209 1720 3291 opos

952 3315 1000 3370 tet.
1017 3306 1086 3370 ead.
1103 3306 1174 3368 dist.
1190 3309 1240 3370 st.
1256 3321 1328 3366 cum
1343 3303 1507 3366 similibus.

990 3406 1021 3466 3.
1043 3403 1110 3463 Huc
1124 3400 1243 3462 accedit
1261 3404 1375 3472 tertns,
1400 3415 1471 3478 cop.-
1494 3413 1516 3458 r.
1541 3397 1573 3458 b.
1596 3404 1619 3460 t.
1643 3413 1721 3460 oon·

949 3497 1064 3568 tentus,
1081 3500 1112 3555 et
1126 3493 1169 3555 ite
1182 3495 1313 3572 loquens
1327 3510 1334 3553 :
1361 3508 1376 3549 u
1388 3491 1595 3553 inhibendum
1608 3495 1667 3562 est,
1682 3498 1719 3554 ut

120 3582 201 3643 dous
214 3587 322 3660 partes
335 3579 445 3652 ᾶίνίεο.
462 3577 601 3656 aliosque
615 3575 770 3652 doctores,
791 3575 894 3638 iosias

120 3673 334 3737 declarantur.
350 3669 582 3750 tenneritis
601 3671 759 3750 XXXVII.)

949 3587 1052 3648 nudus
1066 3585 1211 3647 sacerdos
1224 3584 1380 3657 immines,
1397 3583 1437 3646 de
1451 3583 1563 3662 quibus
1581 3584 1716 3663 suspicio

949 3697 1019 3743 esse
1032 3685 1144 3760 potest,
1159 3679 1302 3740 retineat.
1323 3677 1384 3740 Sed
1408 3691 1511 3755 neque
1532 3672 1613 3749 illes,
1638 3692 1717 3756 ques

949 3791 1084 3836 oenones
1098 3771 1284 3846 concedunt,
1300 3774 1445 3848 matrem,
1461 3771 1590 3833 amitant
1612 3777 1643 3832 et
1665 3785 1717 3831 so-

948 3885 1071 3931 rorem:
1101 3867 1174 3946 quie
1201 3866 1368 3946 instigante
1396 3862 1520 3926 diabolo
1549 3865 1634 3926 etin
1656 3865 1718 3926 iilis

948 3963 1050 4026 scelus
1065 3961 1277 4044 perpetratum
1295 3957 1459 4037 reperitur,
1484 3961 1539 4019 aut
1560 3957 1592 4017 in
1609 3958 1717 4038 pedis

948 4057 1052 4136 eequis
1067 4071 1186 4117 earnm.
1204 4051 1266 4114 Sed
1279 4051 1304 4112 si
1327 4067 1389 4131 que
1413 4051 1452 4112 de
1475 4051 1523 4112 bis
1545 4053 1716 4115 necessitu-

947 4154 1012 4210 tsm
1037 4147 1193 4218 babuerit,
1221 4142 1395 4224 presbyteri
1417 4143 1556 4204 habeant
1577 4143 1608 4204 iu
1631 4145 1712 4222 vico,

948 4246 1002 4303 ant
1023 4241 1055 4300 in
1078 4239 1151 4302 ville
1174 4239 1301 4300 demum
1324 4237 1418 4317 longe
1436 4255 1455 4298 a
1474 4253 1530 4297 sna
1549 4247 1715 4300 converse

947 4333 1041 4407 done,
1058 4335 1090 4394 et
1103 4331 1146 4393 ibi
1161 4331 1218 4405 eis,
1241 4339 1310 4409 que
1335 4335 1408 4391 sunt
1429 4331 1618 4404 secesseris,¹
1640 4333 1715 4394 snb-

946 4425 1134 4487 ministrent.
1160 4421 1393 4484 Prohibendam
1424 4434 1549 4502 qouque
1581 4431 1647 4496 est,
1681 4430 1715 4487 ut

946 4518 1032 4578 nulle
1046 4515 1173 4578 foemina
1189 4516 1340 4578 adultere
1361 4518 1530 4595 presumat
1550 4516 1710 4596 accedere,

946 4613 1001 4672 sut
1014 4609 1094 4670 infre
1109 4607 1263 4671 cancellos
1276 4614 1370 4686 stare,
1387 4609 1451 4669 sive
1461 4608 1580 4671 sedere.
1594 4631 1609 4669 o
1622 4610 1713 4673 Unde

159 4706 191 4764 i.
214 4701 304 4764 bace
318 4698 432 4762 adies
445 4697 607 4768 richmer.
622 4725 663 4748 ι·
676 4697 755 4759 Gom
775 4696 889 4773 clerici,
947 4703 987 4764 ed
1013 4700 1250 4782 precavendum
1282 4701 1365 4761 omni
1389 4701 1520 4764 sinistm
1544 4702 1712 4784 suspicioni

115 4795 296 4876 praesertim
310 4795 342 4855 iu
352 4792 512 4856 ordinibus
522 4791 617 4852 esuris
627 4789 795 4865 constituti,
808 4797 893 4853 caete
947 4796 1061 4876 optime
1083 4793 1203 4856 iaciunt
1221 4793 1324 4856 cleriei
1347 4791 1401 4866 iili,
1431 4796 1485 4875 qui
1510 4797 1561 4859 vet
1587 4797 1711 4876 penitus

116 4897 150 4953 et
165 4888 366 4965 continenter
380 4884 484 4948 vivere
501 4887 678 4962 meanto,
701 4886 793 4963 prout
811 4884 893 4946 inter
945 4887 1063 4949 nudam
1086 4885 1246 4948 ioeminsm
1269 4887 1302 4946 in
1325 4886 1434 4948 domos
1452 4903 1524 4950 suas
1545 4889 1708 4967 recipiunt,

116 4981 182 5043 alis
203 4980 294 5042 titulo
318 4979 508 5060 precedenti
533 4977 662 5040 uberius
684 4975 801 5038 &tum
823 4983 889 5052 est;
946 4979 1191 5043 sednseessarie
1204 4979 1374 5042 ministeria
1387 4995 1444 5061 per
1457 4997 1560 5042 mares
1574 4979 1711 5042 sibifleri

115 5073 287 5135 mulierum
302 5077 409 5134 entem
423 5071 578 5133 consortia
593 5069 689 5132 situm
708 5069 892 5132 elericorum
945 5073 1131 5154 procurent:
1148 5070 1197 5132 rel
1220 5070 1331 5131 saltem
1353 5071 1434 5134 iutro
1455 5087 1512 5132 soa
1534 5069 1708 5149 hospitiola,

116 5169 161 5232 de
184 5165 409 5229 incontinentia
433 5165 566 5227 reddant
592 5169 789 5245 suspectum:
818 5165 891 5227 bino
944 5181 1001 5227 seu
1015 5163 1177 5226 interiores
1199 5167 1304 5241 partes
1324 5161 1447 5232 domus,
1470 5162 1523 5222 nbi
1546 5177 1711 5224 remanere

369 4157 564 4227 rinctus
599 4157 643 4228 11.

200 4391 248 4457 Ite
275 4388 525 4455 cohabitatione
551 4387 753 4454 clericerum
779 4335 841 4454 et⁴

414 4481 603 4548 modorum.

114 5259 235 5324 merita
262 5261 334 5340 post
367 5259 505 5339 priorem
538 5255 736 5339 subjungitur
767 5257 891 5319 rebriee
944 5259 1182 5330 consueverunt,
1205 5253 1351 5316 immines
1368 5253 1485 5335 tingendi
1504 5271 1568 5314 nou
1586 5253 1710 5334 perium

112 5353 286 5436 presentis
303 5349 396 5430 tituli,
421 5367 516 5431 quem
537 5367 594 5430 pro
616 5349 728 5430 majori
751 5349 890 5414 cissimis
943 5357 1004 5415 tur.

104 5452 207 5533 joret
221 5447 254 5508 iu
268 5445 348 5508 dnos
361 5444 572 5526 paragraphus
586 5440 735 5510 diuidere
982 5445 1013 5504 i.
1036 5439 1340 5505 Cbrtcioootcotcm
1362 5459 1381 5500 o
1403 5437 1488 5502 domo
1507 5439 1633 5522 propriu
1654 5456 1704 5504 res
