4016 6056
283 225 342 293 63⁴
922 227 1222 294 luuorlrtouus.

281 361 431 417 mimarum
445 367 574 434 rectores,
589 367 647 418 tum
662 379 797 419 sacrarum
814 363 978 431 litterarum,
1000 363 1044 419 di·
1098 365 1175 434 nicis,
1191 365 1356 422 beneficiatis
1369 365 1482 439 aliisque
1498 363 1685 421 sacerdotibus
1700 369 1729 421 et
1750 363 1863 434 clericis,

280 444 456 518 vinmumque
469 463 563 503 rerum
581 448 703 516 scientie,
723 453 781 503 tum
801 449 882 504 etiarn
902 450 965 504 vitae
984 465 1044 504 mo·
1097 451 1144 523 qui
1159 451 1316 524 perdecem
1330 452 1386 509 dies
1402 451 1515 525 singulis
1529 449 1717 507 caniseedenr
1739 451 1865 506 exercitis

279 545 395 602 rumque
409 531 548 588 honestate
571 534 672 588 ceteris
686 533 856 603 antecellant,
871 551 901 590 ac
916 536 944 589 in
957 535 1046 590 omni·
1097 535 1252 608 peregerint
1272 537 1299 591 in
1321 535 1446 592 domibus
1458 533 1584 608 praelatis,
1599 533 1693 606 ibique
1707 531 1757 588 dia
1770 539 1865 587 noctu·

278 612 329 668 bus
340 616 415 686 juxte
434 617 568 672 monitum
589 618 702 689 apostoli
729 619 866 690 prebeant
888 619 1045 693 semetipsos
1097 637 1150 692 que
1165 623 1370 692 permanserint,
1384 637 1415 676 cc
1430 621 1533 676 interea
1546 619 1675 691 temporis
1688 633 1753 674 vere
1778 618 1866 690 poeni-

278 699 433 772 exemplum
446 701 579 757 bonorum
593 719 706 774 operum
722 703 750 758 in
768 701 901 775 doctrina,
924 705 951 760 in
973 706 1044 760 inte·
1098 711 1183 763 tentes
1196 713 1224 762 et
1237 707 1352 764 confessi
1366 711 1564 762 sacrosanctum
1584 703 1756 760 Eucharistiee
1777 717 1866 757 secra-

278 783 386 856 gritate,
400 787 429 842 in
442 787 581 860 grevitme.
592 789 661 846 Cum
676 787 779 844 etenim
793 789 844 862 ipsi
852 791 905 844 sint
914 791 1045 845 sanctiora
1098 799 1220 848 mentum
1234 793 1406 866 sumpserint,
1421 792 1527 863 quoties
1540 788 1567 845 id
1582 789 1700 860 egerint,
1715 787 1866 860 pleasrian

278 867 403 924 Ecclesie
418 870 550 940 membre,
570 869 764 943 dispensatores
777 873 968 945 mysteriorum
982 873 1042 940 usi,
1099 877 1221 932 omnium
1236 893 1348 931 suoram
1362 879 1532 948 pennatorum
1550 871 1748 944 indulgentiam
1771 875 1800 925 et
1820 885 1866 925 re-

278 951 413 1010 cbristiani
427 957 521 1028 populi
535 955 618 1012 duces
637 961 664 1013 et
677 957 808 1029 magistri,
823 957 986 1013 mediatores
1001 958 1045 1012 in·
1097 962 1253 1017 missionem
1268 959 1478 1017 misericorditer
1489 959 1517 1013 iu
1531 956 1644 1013 Domino
1658 955 1803 1026 elargitur.

278 1041 320 1094 ter
334 1041 420 1096 Deum
436 1041 611 1110 ethemima,
625 1043 742 1098 lucerne
758 1039 839 1114 sup'er
852 1041 1044 1098 candelabrum
1133 1067 1146 1098 s
1163 1043 1295 1100 Parocbos
1309 1045 1418 1116 insuper
1432 1060 1480 1116 per
1498 1041 1571 1098 idem
1584 1045 1693 1112 ternpus
1707 1037 1795 1094 munel
1809 1041 1866 1094 tsn-

277 1125 369 1196 positae
388 1131 418 1181 ut
430 1125 536 1182 luceant
549 1123 673 1182 omnibus
688 1127 734 1198 qui
749 1125 778 1181 in
792 1125 874 1182 domo
888 1131 961 1196 sunt,
977 1125 1044 1182 nibil
1098 1132 1156 1182 tum
1170 1129 1198 1182 in
1211 1144 1281 1183 anno
1295 1127 1431 1184 exercitiis
1444 1123 1599 1199 hujusmodi
1616 1129 1743 1179 recentes
1765 1139 1783 1177 e
1799 1125 1866 1178 resi·

276 1210 404 1281 estquod
419 1212 485 1267 alios
499 1213 585 1288 magis
599 1211 632 1267 ad
646 1211 774 1286 pietatem
787 1209 963 1284 divinumque
983 1213 1043 1267 cnl-
1097 1211 1187 1267 dentis
1201 1213 1318 1284 benigno
1338 1211 1461 1268 absolvit.
1485 1209 1563 1276 Quod
1577 1210 1666 1282 ipsum
1681 1208 1782 1264 serveri
1795 1225 1864 1279 pre·

278 1297 336 1349 tum
347 1295 475 1354 accendat
487 1315 568 1369 quarn
578 1298 688 1352 illerum
702 1297 967 1368 sitaetexenrplum.
978 1295 1043 1352 Om·
1096 1295 1161 1367 cipit
1174 1295 1263 1368 quoad
1277 1297 1429 1366 canonicos,
1443 1295 1625 1356 beneficiatos.
1639 1293 1763 1364 aliosque
1772 1309 1864 1364 perso·

278 1395 327 1435 nes
341 1381 476 1453 siquidem
490 1385 519 1438 in
533 1381 614 1456 ipsos,
626 1387 753 1456 tanquam
763 1383 941 1455 inspccalum
950 1383 1042 1439 oculos
1095 1380 1151 1434 nali
1164 1379 1307 1438 residentia
1323 1381 1464 1436 obstrictos
1479 1385 1506 1436 et
1515 1378 1589 1434 cbori
1603 1377 1713 1434 servitio
1728 1379 1864 1449 muncipa-

278 1465 435 1537 coajiciunt,
447 1473 477 1524 ut
489 1465 552 1524 indo
566 1483 673 1523 sumere
688 1467 791 1540 possint
803 1465 877 1539 quod
891 1467 1040 1522 imitentur.
1096 1469 1147 1536 tos,
1175 1481 1242 1536 quos
1269 1466 1446 1521 nibilominus
1472 1465 1571 1520 lucrari
1598 1463 1719 1520 decernit
1747 1463 1865 1536 integros

315 1565 329 1603 a
347 1549 430 1605 Porro
444 1568 515 1624 cum,
530 1551 658 1612 diuturne
684 1551 849 1626 experientia
875 1556 1043 1623 compertam
1095 1547 1198 1606 tructus
1212 1557 1238 1606 et
1251 1551 1420 1624 quotidianas
1434 1565 1546 1606 suorum
1559 1547 1709 1621 respective
1724 1548 1865 1602 senonice·

279 1633 324 1702 sit,
338 1632 373 1688 ed
390 1634 559 1692 retinendum
583 1635 848 1707 conservandamque
872 1633 1043 1691 sacerdotalis
1097 1639 1175 1690 tuam
1190 1640 1217 1691 et
1230 1636 1424 1691 beneficiorum
1447 1635 1648 1690 distributiones
1666 1647 1865 1704 quascumque,
1988 1635 1989 1650 ¹

277 1716 380 1780 ordinis
386 1719 545 1792 diguitetem
553 1726 582 1778 et
589 1721 803 1785 sanctimoniam,
814 1721 931 1782 muiure
939 1721 1042 1780 candu-
1096 1719 1206 1792 perinde
1221 1737 1251 1776 ιο
1263 1721 1285 1777 ιί
1298 1721 1392 1790 cboro,
1407 1719 1559 1790 divinisque
1573 1717 1670 1774 officiis
1689 1716 1866 1790 personaliter

276 1815 338 1856 cere
354 1808 384 1857 ut
396 1804 567 1860 ecclesiastici
582 1805 631 1861 viri
646 1806 829 1878 spiritualibus
843 1807 976 1863 exercitiis
990 1807 1041 1862 ali·
1096 1803 1263 1868 interessent.
1280 1803 1427 1862 dummodo
1442 1809 1533 1859 umen
1547 1801 1643 1858 cadem
1652 1801 1865 1873 exercitiapere-

276 1887 383 1959 quando
396 1891 601 1962 essetquibus
617 1889 750 1963 quidquid
768 1889 889 1946 sordium
907 1889 942 1946 de
963 1907 1042 1946 mun·
1095 1894 1168 1960 gant,
1196 1889 1305 1944 obtente
1333 1891 1408 1962 prius
1428 1889 1462 1944 ab
1489 1886 1626 1943 ordinario
1640 1886 1763 1956 licentis,
1783 1902 1865 1958 aquo

276 1970 345 2026 deno
363 1972 474 2044 pulvere
488 1980 654 2030 contractum
668 1981 709 2032 est
723 1974 865 2032 commode
881 1973 1041 2047 detergitur,
1095 1973 1248 2030 nullatenus
1262 1973 1434 2030 concedende
1447 1973 1499 2029 erit
1512 1971 1650 2029 Adventus
1664 1977 1693 2027 et
1706 1970 1866 2043 Quednge·
1989 1961 1990 1964 '

276 2056 469 2115 ecclesiasticus
483 2058 592 2132 spiritus
609 2065 760 2132 reparetur,
790 2060 889 2116 mentis
911 2059 982 2115 acies
1008 2059 1042 2114 ed
1096 2059 1170 2115 sime
1184 2064 1306 2132 tempore
1330 2076 1360 2116 nc
1383 2061 1411 2114 in
1434 2055 1643 2115 solemnioribus
1664 2054 1866 2124 festivitatibus,

276 2136 426 2196 divinarum
439 2159 533 2198 rerum
547 2143 800 2216 contemplationem
810 2143 958 2212 extollitur,
969 2147 1041 2199 recte
1096 2159 1147 2198 nec
1175 2160 1294 2215 uuquam
1320 2144 1448 2200 omnibus
1472 2143 1554 2200 simul
1580 2141 1724 2210 manicis,
1752 2141 1866 2214 aliisque

275 2225 695 2296 sanctequevieendinermavel
710 2227 902 2298 institutuitur,
919 2225 962 2282 sel
975 2243 1041 2281 con·
1095 2224 1176 2279 choro
1202 2226 1419 2298 inservientibus,
1447 2225 1495 2282 sed
1526 2242 1558 2281 eo
1585 2223 1707 2280 adbibita
1733 2223 1815 2280 modo
1835 2233 1867 2279 nt
1990 2227 1991 2252 t

275 2303 408 2378 firmetur,
423 2309 535 2382 proinde
550 2311 679 2368 Senctitas
687 2311 752 2382 Sue,
759 2327 808 2385 pro
818 2311 918 2366 eximio
927 2326 981 2383 quo
990 2309 1041 2366 fle·
1094 2309 1170 2365 cbori
1180 2311 1321 2367 servitium
1335 2327 1505 2384 nequaquem
1522 2311 1733 2380 intermittatur;
1743 2311 1865 2382 etquoed

275 2398 335 2464 grat
348 2397 468 2451 omnium
490 2397 583 2454 salutis
597 2398 665 2466 selo,
680 2397 858 2454 vehementer
870 2403 997 2469 exoptans
1010 2401 1041 2452 ut
1093 2394 1232 2468 parochos,
1256 2395 1359 2453 idoneis
1380 2397 1456 2470 prius
1477 2397 1628 2470 subrogetis
1658 2396 1807 2452 ‹economis
1830 2397 1865 2452 ab

273 2477 349 2550 pium
362 2477 413 2536 boc
435 2488 463 2538 et
482 2482 691 2539 saluberrimum
706 2482 898 2538 exercitiorum
913 2479 1039 2552 spiritus·
1093 2479 1209 2550 ipsomet
1223 2479 1358 2536 ordinario
1373 2481 1550 2554 approbandis
1572 2481 1618 2554 qui
1635 2483 1794 2538 mimarum
1815 2497 1865 2536 cn·

273 2561 341 2618 lium
356 2581 423 2637 opus
432 2566 532 2640 ubique
546 2567 668 2624 locorum
680 2581 844 2642 magnopere
851 2565 1041 2638 frequentetur
1093 2577 1153 2617 rem
1167 2562 1338 2621 laudabiliter
1352 2565 1551 2623 administrent.

274 2661 304 2702 ιι
329 2649 425 2722 vigeat,
454 2653 590 2710 universos
616 2653 788 2727 patriarchas,
817 2649 1041 2724 archiepiscopos,
1128 2647 1266 2704 abundat
1281 2649 1532 2726 insuperSenctitee
1545 2649 1867 2723 Sueutbrclitterrepu·

273 2733 420 2806 episcopos,
435 2741 598 2810 ceterosque
612 2743 671 2794 tuna
685 2737 768 2793 ltaliae
783 2743 842 2791 tum
856 2735 939 2792 etiam
961 2735 1039 2789 insu·
1093 2729 1229 2787 bliceutur
1239 2731 1267 2787 in
1283 2733 1340 2806 ipsa
1353 2734 1474 2805 diceoesi,
1490 2741 1517 2790 et
1531 2737 1561 2790 in
1574 2734 1742 2790 cancellarie
1754 2735 1867 2806 regestis

274 2813 363 2871 larum
377 2817 556 2890 adjacentium
571 2821 719 2878 ordinarios
733 2821 811 2876 enixe
826 2817 953 2875 admonet
966 2835 996 2874 ιο
1011 2819 1040 2872 in
1093 2829 1142 2886 pro
1156 2817 1268 2888 perenni
1282 2835 1378 2874 eoram
1397 2835 1457 2891 que
1472 2819 1501 2874 in
1516 2817 1569 2875 illis
1584 2820 1757 2875 conducatur
1771 2819 1866 2874 obaer-

275 2899 389 2957 Domino
403 2901 526 2960 bortatur
539 2905 663 2976 utillud,
677 2907 706 2962 in
720 2923 769 2962 aaa
789 2907 903 2979 quisque
918 2903 1038 2974 dioeoesl,
1094 2901 1181 2954 sentia
1195 2899 1391 2973 describantur,
1405 2909 1433 2961 et
1446 2903 1480 2960 ad
1494 2903 1567 2962 banc
1581 2905 1672 2977 ipsum
1691 2904 1775 2960 bnem
1795 2921 1866 2978 qao·

273 3002 326 3058 qao
342 2987 436 3060 majori
450 2995 576 3062 poterunt
589 2997 686 3048 conata
707 2996 736 3048 et
764 2991 852 3048 studio
880 3005 1039 3065 promovere
1093 2983 1160 3041 libet
1172 2986 1289 3044 triennio
1303 3003 1395 3046 earum
1408 2989 1553 3062 publicatio
1576 2991 1605 3046 ia
1626 2994 1768 3064 posteram
1783 3005 1865 3048 reno·

273 3076 403 3145 raugam.
431 3075 564 3148 Praecipue
591 3093 654 3132 vero
683 3077 715 3132 iis
744 3075 863 3132 districte
879 3073 997 3148 injungit
1010 3090 1040 3130 ιο
1094 3075 1183 3126 vetur·

272 3157 509 3232 praecipitatque
524 3159 628 3216 dadum
643 3179 699 3218 san.
720 3177 805 3217 mem.
820 3161 993 3219 innocentius
1006 3157 1039 3214 xl
1128 3155 1224 3220 »duc
1238 3159 1330 3214 omnia
1344 3157 1381 3214 ita
1393 3157 1537 3234 diligentur
1550 3159 1583 3216 eb
1603 3159 1801 3234 amplitudinis
1814 3167 1865 3217 tau

272 3241 391 3298 Pontifex
404 3243 546 3316 Maximus,
560 3263 607 3320 per
621 3245 1040 3319 encyclicemepistolamasasra
1094 3237 1169 3310 sigili
1190 3238 1357 3312 providentia
1378 3257 1408 3297 ιι
1428 3243 1555 3316 pastorali
1577 3243 1760 3300 sollicitudine
1781 3260 1868 3321 pres-

272 3323 484 3398 Gongrgggtiong
498 3327 684 3406 gpiggopgpum
699 3337 727 3386 gt
740 3330 906 3404 regularium
929 3329 1038 3386 congul.
1094 3321 1173 3378 ibndb
1184 3323 1241 3379 iord
1255 3326 1366 3381 donfidli
1374 3325 1563 3384 sanctissimus
1573 3331 1651 3386 Peter
1659 3331 1867 3387 iliasdllssfiltie

271 3411 416 3468 tutioribus
430 3415 572 3487 proposita,
588 3415 621 3471 sd
646 3417 784 3472 universos
810 3416 904 3484 ttatic,
933 3415 1038 3471 insula-
1093 3405 1148 3464 81¹⁸
1160 3407 1306 3478 laudem,e
1318 3410 1422 3467 tffllttll
1435 3427 1498 3470 'tw
1512 3413 1648 3470 bonorum
1662 3431 1780 3488 operum
1788 3415 1868 3470 tetti-

273 3511 389 3568 rumque
398 3495 577 3570 edjcccntium
590 3501 726 3574 episcopos
735 3500 884 3567 detam,die
896 3503 912 3558 9
922 3499 1039 3556 octobris
1091 3491 1188 3548 buturo
1203 3493 1336 3568 condigne
1349 3497 1463 3568 premia
1476 3497 1562 3554 relect
1574 3501 1739 3572 promereri,
1756 3505 1785 3556 et
1797 3507 1868 3558 em·

276 3582 451 3655 1682,quoad
460 3582 615 3656 hujusmodi
629 3587 776 3658 spiritualia
790 3586 913 3642 exercitia
923 3601 938 3642 a
948 3587 1040 3658 singu·
1092 3575 1222 3650 Plitudissi
1238 3585 1292 3634 tttae
1305 3581 1412 3653 copiose
1427 3580 1579 3640 divinorum
1594 3581 1790 3639 charismatum
1821 3583 1866 3639 iu·

274 3666 307 3721 lis
321 3667 437 3740 clericis,
453 3669 547 3726 decern
561 3669 668 3727 dierum
682 3671 776 3746 spatio,
791 3675 933 3742 antequem
943 3667 982 3725 ‘ad
994 3687 1040 3726 ιι-
1094 3666 1232 3718 tremente
1244 3679 1278 3718 01
1291 3665 1380 3721 thimo
1393 3681 1545 3738 putemur·
1562 3667 1660 3724 Delum
1671 3665 1778 3734 Rome,
1789 3665 1835 3722 ‘fit
1852 3670 1863 3723 Ι

273 3751 450 3810 crosordines
459 3751 1040 3828 resumantur,peragendamaudavitcxacto
1092 3745 1222 3802 fehtwfi
1239 3747 1345 3804 illd.»
1363 3749 1418 3805 illu
1437 3750 1536 3808 littero
1557 3752 1710 3824 enepoticae,
1732 3750 1768 3808 de
1790 3767 1868 3807 man·

273 3853 304 3892 ac
332 3839 523 3896 insiobbilitsr
545 3841 682 3897 observari
706 3847 733 3897 ot
753 3842 851 3914 exequi
879 3845 984 3911 curent,
1011 3845 1040 3896 et
1093 3827 1155 3886 dato
1167 3829 1314 3889 Clementis
1327 3833 1384 3906 llll,
1399 3833 1536 3893 edenenas
1546 3834 1868 3908 uuonasttbpmiamn

274 3940 342 3997 quos
356 3925 452 3982 iisdem
466 3925 600 3982 exercitiis
623 3945 671 4000 por
686 3925 815 3983 antedicti
833 3926 961 3999 temporis
980 3943 1039 3998 spa·
1092 3916 1151 3987 ¹⁸85
1177 3915 1307 3974 ⁰⁸¹h⁰¹i⁰⁰
1331 3920 1465 3992 militm
1491 3920 1605 3978 tuomet
1619 3925 1749 3992 meme
1772 3919 1818 3978 ffl‘·
1833 3921 1868 3976 ³⁰

274 4009 344 4066 dum
369 4011 480 4066 minime
494 4028 602 4084 operam
615 4012 721 4072 dedisse
737 4012 911 4086 cognoverint
931 4027 946 4066 ι
964 4025 1039 4066 sacra
1092 4017 1156 4072 oug-
1174 4003 1254 4060 17³2·

274 4095 439 4152 ordinatione
452 4097 584 4170 repellent
597 4097 702 4170 penitus
715 4103 744 4154 et
762 4102 878 4153 arceant.
1127 4085 1261 4145 preterea
1273 4105 1328 4146 uon
1342 4090 1440 4148 desunt
1453 4093 1483 4150 in
1497 4094 1572 4150 ltalia
1585 4093 1704 4168 capitula
1724 4110 1797 4166 quse,
1813 4093 1868 4148 rir-

308 4198 323 4234 s
339 4181 473 4251 Praetqm
486 4181 615 4248 &maim
630 4183 684 4246 sq,
697 4181 808 4247 emm
826 4180 976 4248 osquam
991 4179 1039 4236 ad.
1092 4175 1149 4226 tute
1162 4170 1261 4227 indulti
1276 4173 1426 4246 apostolici,
1446 4176 1602 4232 divinorum
1623 4176 1779 4234 officioram
1791 4177 1868 4234 cele·

275 4271 367 4320 monet
379 4271 408 4321 et
420 4265 542 4321 bortatur
554 4271 585 4322 at
597 4265 697 4335 tractu,
707 4265 755 4338 qui
765 4263 992 4321 saneuberrimas
1005 4279 1040 4320 ex
1092 4253 1243 4312 brettonem
1258 4259 1368 4315 omuino
1389 4261 1553 4334 suspendere
1575 4267 1698 4334 possunt,
1721 4263 1869 4320 exercitio-

274 4347 407 4422 psudr'etis
420 4349 603 4421 waldone
617 4349 753 4407 exercitiis
769 4349 926 4420 percipitur,
940 4363 1039 4422 oppon-
1092 4355 1154 4395 rum
1168 4339 1350 4415 spiritualium
1378 4361 1467 4418 οιιιι,
1495 4352 1579 4421 prout
1605 4363 1650 4403 me
1676 4353 1812 4420 presente
1841 4353 1870 4403 et

273 4439 339 4488 tune
352 4435 486 4506 proposito
499 4451 530 4490 ιο
542 4436 685 4508 explicato,
700 4436 840 4491 universos
856 4451 892 4491 ex
904 4433 1039 4491 clerosibi
1092 4425 1218 4483 sudante
1233 4429 1380 4486 testabatur
1393 4445 1461 4487 anno
1479 4431 1547 4488 reso
1563 4429 1870 4488 Eminentissimascao·

272 4515 418 4590 subjectos,
432 4535 479 4573 seu
493 4519 629 4592 precipue
650 4519 803 4574 animcrum
821 4523 950 4588 rectores,
974 4533 1039 4573 con·
1091 4512 1188 4568 dinalis
1202 4531 1250 4586 pro
1265 4519 1387 4587 tempore
1407 4515 1494 4572 Sacrae
1516 4517 1741 4590 congregationis
1757 4519 1868 4574 eondiii

273 4597 411 4674 teneros,
438 4605 596 4676 canonicos,
623 4603 743 4676 aliosque
766 4603 939 4659 beneficiatos
965 4601 1040 4658 cheri
1092 4597 1234 4670 prefectus
1248 4599 1553 4673 Cagicnodettxevedo.

274 4686 383 4742 servitio
397 4686 548 4758 adstrictos,
572 4687 717 4762 diligenter
744 4689 860 4746 excitent
881 4687 915 4744 cd
943 4686 1039 4744 eadem
1128 4683 1187 4739 lluo
1216 4688 1318 4758 spectat
1345 4701 1503 4758 responsum
1533 4685 1619 4744 scere
1640 4687 1870 4761 Congregationis

274 4771 411 4842 exercitia,
426 4773 521 4830 saltem
535 4776 618 4832 semel
637 4775 665 4830 in
688 4792 759 4832 anno
779 4772 932 4848 peragenda
946 4773 974 4828 in
988 4773 1039 4829 do·
1093 4768 1198 4824 concilii
1211 4766 1245 4824 ad
1263 4771 1418 4844 episcopum
1439 4769 1472 4826 N.
1495 4770 1641 4850 directam,
1670 4771 1716 4828 die
1745 4777 1775 4832 tt
1806 4775 1869 4832 dec.

275 4857 564 4932 mibusreligiosorum
585 4863 718 4918 societatis
734 4861 809 4929 lesu,
828 4877 876 4916 seu
900 4858 1040 4936 presbyte·
1095 4855 1174 4910 l859.
1194 4857 1310 4912 Petierat
1331 4859 1473 4930 episcopus
1505 4863 1637 4913 autrum
1659 4859 1799 4932 parochus
1824 4863 1869 4933 pis

274 4955 368 4998 rerum
382 4947 596 5020 congregationis
605 4947 750 5016 missionis,
758 4947 781 5001 si
793 4945 940 5014 adsint,sin
949 4945 1039 5000 minue
1093 4955 1220 5013 peregens
1236 4941 1364 4999 exercitia
1377 4959 1496 5000 secessas
1510 4944 1695 5016 ecclesiastici,
1710 4962 1773 5020 que
1795 4964 1869 5020 qao-

274 5024 302 5082 in
315 5025 368 5081 alis
379 5029 424 5102 pia
438 5045 485 5085 seu
501 5031 617 5104 regulari
632 5029 724 5096 demo,
746 5029 780 5086 ab
803 5027 868 5105 ipsis
895 5027 1039 5084 ordinariis
1092 5025 1189 5094 enne,
1202 5023 1279 5099 jussu
1293 5027 1422 5102 episcopi,
1438 5028 1590 5101 etquidem
1611 5030 1765 5102 perutiliter
1785 5049 1868 5104 pera·

273 5109 307 5167 ad
321 5112 349 5166 id
363 5111 525 5185 designanda
539 5120 566 5170 et
578 5113 759 5188 approbanda.
1093 5114 1195 5182 guntur
1208 5111 1237 5166 in
1251 5113 1395 5169 seminario
1410 5111 1571 5182 dicecesano,
1582 5121 1620 5186 et,
1635 5115 1751 5172 durante
1764 5115 1867 5174 borum

308 5215 322 5249 a
338 5194 374 5250 ut
387 5201 478 5253 eutem
492 5198 606 5254 alacrius
619 5195 654 5254 ad
665 5195 801 5270 ejusmodi
815 5195 983 5270 spiritualem
997 5213 1039 5253 se-
1095 5196 1285 5254 exeroitiorum
1300 5200 1433 5270 tempore,
1447 5199 1556 5255 missam
1570 5199 1614 5256 die
1627 5199 1696 5256 ἰιιίι
1712 5205 1757 5256 sut
1773 5200 1867 5256 domi·

275 5290 378 5336 cessum
393 5282 490 5356 singuli
505 5283 672 5352 conveniant,
696 5281 824 5339 Sanctitas
845 5282 899 5338 Sos
913 5280 1039 5338 omnibus
1094 5282 1153 5336 nico
1175 5298 1230 5338 non
1251 5281 1401 5354 celebrans,
1415 5288 1539 5341 tenemur
1558 5285 1653 5342 missas
1669 5285 1723 5342 bcc
1742 5291 1867 5359 ternpore

277 5362 391 5440 pretatis
410 5363 560 5423 ιιὶιιιιιιι
580 5365 741 5437 rectoribus,
763 5361 939 5436 conlessariis,
959 5379 1038 5420 ceno·
1093 5381 1147 5424 ιιι
1168 5368 1270 5427 obtstcs
1283 5385 1338 5444 pro
1358 5369 1458 5444 populo
1479 5370 1606 5445 deboeps
1627 5371 1780 5446 supplere?
1793 5393 1810 5427 s
1836 5371 1864 5430 S.
