3994 6050
330 317 389 378 aaa
425 295 428 300 ’
516 313 587 376 uua.
608 315 658 376 m.
680 311 890 375 cacanum.
913 311 983 375 riu.
1008 309 1044 373 v.
1066 310 1117 372 ou
1137 307 1363 372 vaaaunms
1383 309 1433 371 uu
1452 307 1726 374 murmannus

331 445 428 520 alias,
449 463 545 524 quem
568 464 625 527 per
645 445 886 526 resignationem
909 459 1097 524 quocunque
1149 447 1365 504 vacaturornm
1375 441 1457 520 (quoe
1472 439 1565 502 etiam
1581 439 1768 520 dispositioni
1779 454 1841 516 sua,
1851 445 1878 505 ul

330 536 424 599 modo
438 544 594 613 vacatura,
605 539 648 601 ad
657 537 863 612 collationem,
875 536 1094 618 provisionem,
1149 536 1331 616 prefertur,
1358 534 1538 614 reservavit)
1566 552 1621 595 seu
1648 534 1743 596 eliam
1766 535 1877 613 aliorum

201 671 215 704 ,
330 631 622 708 presentationem,
652 630 854 704 electionem,
890 631 923 692 ot
955 628 1097 708 mamma
1149 628 1341 708 dispositioni
1355 647 1431 702 sue,
1444 628 1579 690 etdictn
1593 627 1682 690 Sedis
1696 626 1768 688 alias
1780 645 1880 707 quomo

330 723 426 784 aliam
443 723 678 804 dispositionem
700 740 956 804 quorumcunque
970 723 1098 785 collato-
1147 720 1265 784 dolibst
1277 727 1514 800 reservatounm,
1530 721 1580 784 vel
1592 719 1771 782 affectorum
1782 738 1837 782 sese
1848 721 1881 781 io·

331 834 412 892 rum,
428 819 460 878 et
474 817 664 880 collatricem
680 817 886 892 secularium,
903 822 935 878 et
948 833 1096 896 quorum·
1149 815 1357 890 tromiserint,
1385 824 1439 879 aut
1462 815 1627 896 quominus
1653 814 1838 896 provisiones,
1859 822 1883 878 et

332 911 378 972 vis
391 909 535 972 ordinum
549 913 739 994 regularium
751 912 829 990 (nou
843 915 947 974 munau
963 911 995 972 S.
1010 911 1047 972 R.
1057 911 1093 974 E.
1149 909 1256 990 gratia
1270 909 1446 972 Sanctitatis
1460 910 1530 972 Sue
1544 910 1585 972 de
1599 909 1658 970 illis
1672 907 1802 970 debitum
1814 909 1884 970 eiiec

332 1001 545 1079 cardinalium,
562 1011 616 1068 aut
629 1005 758 1067 aliorum
773 1005 831 1068 sub
844 1005 1038 1069 concordatis
1051 1005 1095 1066 in·
1148 1001 1215 1064 tum
1237 1008 1478 1080 consequantur,
1500 1001 1755 1082 impedimentum
1772 1018 1882 1080 quoquo

330 1101 391 1162 ter·
402 1098 514 1162 Sedent
528 1099 741 1179 apostilicam,
756 1103 789 1162 et
801 1115 1004 1178 quoscunque
1018 1097 1095 1161 alios
1147 1094 1240 1159 modo
1255 1095 1463 1176 prostiterint,
1474 1099 1545 1169 usn,
1556 1102 1587 1158 et
1596 1093 1884 1174 benebcic'predicte

329 1192 424 1270 initis,
440 1183 541 1274 siper
555 1211 620 1266 eos,
643 1192 696 1273 qui
715 1191 768 1254 illa
789 1197 963 1272 acceptare,
987 1195 1020 1255 et
1039 1191 1095 1256 ob·
1147 1187 1313 1262 nonnos,
1330 1205 1368 1250 eo
1381 1188 1448 1268 ipso
1461 1187 1572 1269 privati
1593 1187 1738 1264 existant,
1761 1205 1793 1248 ac
1810 1187 1884 1248 colu·

330 1301 454 1348 semare
469 1285 641 1348 debuerant
655 1284 836 1366 acceptatis,
859 1289 891 1347 et
911 1285 1092 1361 observatis,
1146 1283 1258 1357 bones,
1287 1280 1319 1343 et
1345 1280 1414 1343 alia
1441 1277 1658 1360 dispositiones
1683 1275 1728 1339 de
1752 1277 1886 1340 mustelis

330 1393 400 1457 qnco
414 1375 604 1440 ledersuou
618 1375 761 1450 intendit,
784 1377 1093 1460 comprehensorum)
1146 1373 1229 1440 illius
1255 1379 1409 1454 pretextu
1432 1373 1579 1454 deinceps
1612 1371 1764 1434 tacenda
1793 1371 1885 1433 nulius

330 1469 562 1553 quomodolibet
588 1469 774 1554 pertinentia
800 1459 994 1552 dispositioni
1027 1487 1093 1532 sue
1147 1467 1351 1545 sintroboric,
1365 1469 1416 1530 vel
1429 1467 1588 1529 momenti.
1605 1466 1650 1530 illi
1664 1483 1751 1546 uero,
1769 1467 1815 1546 qni
1833 1485 1888 1545 gra·

329 1563 515 1644 generaliter
527 1566 706 1628 reservavit.
720 1564 835 1627 Volane
848 1563 881 1624 iu
895 1563 1093 1644 supplicatio·
1146 1561 1222 1624 tium
1236 1560 1427 1624 alternative
1448 1560 1602 1641 predicta
1622 1563 1783 1640 acceptare
1800 1559 1886 1622 velue

329 1658 430 1731 uibus,
446 1675 502 1719 seu
516 1657 765 1722 concessionibus
780 1657 960 1738 gratarum,
972 1673 1041 1736 quaa
1051 1657 1091 1720 de
1146 1656 1218 1734 rint,
1234 1656 1481 1735 acceptationem
1495 1653 1675 1736 hujusmodi
1695 1671 1753 1734 per
1769 1659 1887 1732 manes

327 1749 418 1813 dietis
430 1747 589 1812 beneficiis
604 1755 679 1814 tuuc
692 1749 883 1823 vocantibus,
899 1748 991 1810 ctiam
1005 1753 1092 1813 motu
1144 1749 1262 1812 litteras
1276 1767 1371 1810 manu
1385 1748 1511 1828 propria
1525 1748 1726 1828 subscriptas,
1741 1762 1844 1826 suoque
1856 1746 1886 1806 si·

328 1842 454 1924 proprio
466 1839 553 1918 fient,
568 1843 608 1905 de
626 1861 745 1918 mense,
767 1843 799 1904 in
819 1859 882 1922 quo
904 1839 1089 1916 vacaverint,
1144 1842 1219 1923 gillo
1234 1843 1379 1918 munitas,
1396 1845 1429 1905 et
1441 1841 1474 1902 in
1489 1859 1545 1904 sua
1558 1842 1692 1922 quisque
1713 1839 1835 1913 civitate,
1849 1839 1887 1900 vel

327 1936 504 2017 dispositive
517 1935 708 2000 mentionem
721 1937 808 2012 fiori;
824 1935 961 2014 alioquin
976 1935 1091 2015 gratim
1144 1936 1271 1998 dimcesi
1286 1935 1374 1998 datos
1389 1935 1559 2014 declarare,
1575 1940 1607 1998 et
1620 1934 1742 1997 litteras
1754 1935 1827 2014 ipsas
1838 1932 1887 1993 buc

326 2031 426 2093 nullas
441 2049 520 2109 esse,
537 2049 575 2094 ac
594 2030 847 2107 consuetudines,
869 2029 963 2091 etiem
983 2029 1090 2090 imma·
1144 2031 1185 2092 ad
1198 2029 1354 2092 Datariam
1367 2029 1544 2092 Sanctitalis
1558 2029 1628 2093 Sus
1641 2027 1840 2091 trasmittere
1853 2031 1888 2088 te·

325 2124 491 2187 motabiles
516 2125 643 2207 optandi
671 2125 824 2206 majores,
853 2126 885 2185 et
910 2121 1091 2203 pinguiores
1144 2126 1288 2200 neentnr,
1304 2123 1417 2203 quibus
1430 2123 1471 2184 ab
1485 2140 1523 2185 eo
1536 2123 1680 2203 receptis,
1691 2125 1725 2184 at
1733 2120 1886 2200 recognitis,

324 2217 519 2299 praebendas,
536 2235 593 2280 nec
608 2234 670 2278 non
691 2215 863 2298 privilegia,
886 2215 980 2276 etiam
1003 2213 1034 2272 in
1055 2212 1091 2276 li·
1143 2233 1181 2278 ac
1194 2217 1227 2278 iu
1240 2215 1319 2277 libro
1343 2215 1384 2277 ad
1406 2215 1438 2276 id
1460 2213 1607 2296 deputato
1630 2213 1810 2294 rapiebatis
1829 2219 1889 2274 tuuc

324 2309 406 2370 mine
421 2311 584 2372 erectionis
599 2327 757 2387 concessa,
780 2315 812 2370 et
829 2306 947 2368 indultu
965 2313 1090 2402 aposto-
1143 2309 1281 2385 demum,
1296 2316 1328 2372 et
1342 2325 1406 2372 nou
1419 2315 1511 2372 auten
1525 2310 1570 2372 uti
1583 2310 1736 2391 incipiant
1748 2307 1837 2388 gratia
1848 2324 1888 2366 su

322 2400 380 2463 lica
398 2403 478 2464 circa
492 2421 543 2480 ea,
557 2420 595 2465 ac
608 2403 702 2466 etium
716 2391 907 2481 dispositioni
922 2397 961 2462 de
981 2399 1090 2480 hujus-
1142 2421 1198 2483 pro
1212 2403 1305 2466 dictu.
1321 2405 1453 2483 Insuper
1473 2403 1652 2478 declaravit,
1674 2403 1760 2483 quod
1777 2402 1803 2462 si
1819 2401 1889 2462 idom

322 2493 406 2554 modi
419 2492 588 2570 beneficiis,
605 2501 659 2557 aut
671 2493 757 2574 quod
770 2493 822 2556 illa
836 2490 894 2554 sub
908 2491 1088 2572 hujusmodi
1142 2497 1306 2576 episeopus
1319 2495 1460 2576 pluribus
1473 2495 1620 2560 Ecclesiis
1629 2495 1889 2575 quomodocunque

321 2585 589 2648 reservationibus'
604 2603 765 2666 uunquam
786 2582 1089 2663 comprehendantur
1142 2587 1236 2651 unitis
1263 2607 1301 2651 ox
1327 2589 1496 2668 apostolica
1527 2589 1750 2664 concessione,
1781 2593 1811 2649 et
1837 2586 1888 2648 dis·

321 2676 416 2738 etiam
437 2679 509 2738 cum
533 2677 691 2758 quibusvis
712 2675 980 2758 derogatorisrum
1001 2675 1089 2738 doro·
1141 2683 1324 2762 pensatione
1348 2683 1629 2764 quomodocunque
1652 2683 1779 2764 presit,
1802 2687 1890 2742 cum-

320 2767 458 2860 gatoriis,
475 2769 708 2848 minutioribus,
724 2768 948 2832 efficacioribus
962 2774 994 2831 et
1007 2769 1087 2830 inso-
1140 2777 1192 2837 tur
1228 2775 1407 2854 hujusmodi
1440 2776 1632 2841 alternative
1663 2775 1796 2856 gratiam
1826 2788 1890 2851 que·

319 2860 551 2938 litiecl'ansulis,
576 2881 634 2926 uec
652 2880 715 2926 non
737 2862 939 2941 irritantibus,
964 2868 996 2925 et
1019 2863 1087 2926 eliis
1140 2873 1231 2930 tenus
1258 2885 1296 2929 ea
1323 2869 1414 2949 potiri
1442 2869 1537 2947 volit3
1572 2867 1737 2946 utriusque
1763 2863 1890 2926 Ecclesia

320 2955 464 3031 decretis,
481 2954 613 3036 qdarum
625 2965 752 3022 tenores
772 2975 829 3039 pro
852 2958 1007 3037 expressis
1030 2959 1087 3020 ha·
1140 2957 1266 3018 nomine
1292 2958 1434 3038 explicito
1462 2963 1638 3040 acceptare,
1670 2957 1750 3022 alius
1775 2955 1816 3016 illi
1840 2972 1891 3015 uon

318 3048 397 3126 beri,
427 3056 458 3112 et
483 3050 629 3113 latissime
658 3053 781 3117 extendi
807 3053 904 3116 voluit
924 3052 1086 3133 quibusvis
1139 3049 1337 3132 suffragetur.
1366 3052 1405 3115 lut
1423 3060 1494 3134 post
1509 3052 1626 3116 factam
1647 3049 1890 3132 acceptationem,

318 3143 471 3223 pemoms,
497 3149 530 3208 et
548 3145 696 3228 collegiis,
718 3147 931 3228 cujuscunque
954 3149 1085 3228 dignita·
1138 3149 1170 3206 et
1203 3143 1426 3209 admissionem
1462 3147 1496 3207 iu
1530 3147 1657 3210 Daturic
1690 3143 1793 3208 neutri
1825 3143 1891 3224 parti

319 3237 368 3312 tis,
393 3243 503 3318 statua
532 3239 659 3320 modus,
689 3240 806 3303 ordinis
829 3245 861 3304 et
887 3241 1083 3319 conditionis,
1137 3239 1229 3304 ducat
1243 3238 1301 3300 nisi
1315 3240 1459 3302 concordi
1473 3259 1630 3324 consensu
1645 3240 1686 3302 ab
1700 3239 1891 3303 oerecedere.

318 3329 520 3393 existentibus
533 3332 765 3410 quomodolibet
778 3347 925 3394 concessa
935 3332 1083 3396 adversus
1137 3330 1303 3393 Declarans
1321 3339 1475 3413 preterea
1489 3335 1703 3414 exceptionem
1722 3332 1849 3414 positam
1865 3331 1890 3390 iu

317 3425 562 3486 reservationem
574 3425 752 3506 hujusmodi
765 3426 892 3488 minine
906 3426 1082 3508 suflragari.
1137 3423 1246 3506 regula
1259 3423 1365 3488 levore
1379 3427 1411 3488 S.
1427 3428 1464 3488 lt.
1480 3429 1515 3490 lt.
1532 3428 1751 3504 mudinalinm,
1767 3423 1891 3489 etiudul

316 3517 446 3596 Insuper
460 3516 612 3581 Sanctitas
632 3520 694 3581 Sua
714 3519 755 3581 ad
773 3519 1010 3600 gratificandum
1027 3539 1083 3602 pa-
1136 3533 1204 3588 tum
1217 3519 1400 3583 conterendi
1421 3521 1575 3584 beneficia
1598 3529 1758 3586 reservata
1778 3535 1889 3582 conoes-

317 3608 471 3684 tricrchis,
486 3610 736 3692 archiepiscopis,
748 3612 1082 3694 etepiscopisinteute,
1136 3626 1207 3672 sum
1221 3611 1370 3675 cardinali
1383 3613 1541 3695 episcopo,
1557 3631 1620 3676 non
1635 3615 1799 3696 suffragari
1819 3612 1893 3691 capi-

317 3701 391 3781 ipsis
411 3703 549 3782 quandiu
568 3704 652 3783 apud
675 3705 833 3782 ecclesias,
856 3715 911 3770 aut
931 3709 1082 3770 dioeceses
1135 3705 1201 3768 tuto
1214 3705 1333 3769 ratione
1346 3708 1586 3785 communionis,
1602 3716 1633 3773 et
1653 3708 1801 3772 consortii
1816 3708 1892 3786 juxta

316 3813 388 3858 suas
398 3813 482 3872 vere,
493 3803 524 3868 et
537 3799 742 3876 personaliter
750 3802 921 3864 resederint
931 3803 1081 3866 dunmxat
1134 3797 1377 3864 declarationem
1399 3802 1452 3866 iel.
1480 3821 1581 3866 mcor.
1609 3803 1726 3868 Urbani
1747 3803 1806 3866 PP.
1826 3801 1891 3875 vill,

315 3889 354 3952 de
369 3889 523 3968 omnibus,
540 3898 571 3953 et
593 3892 831 3975 quibuscunque
849 3894 1008 3956 benefieiis
1032 3914 1081 3958 cc-
1132 3893 1369 3973 predecessoris
1384 3897 1432 3958 sui
1446 3896 1562 3960 editum
1574 3897 1762 3960 diedecima
1772 3899 1892 3974 septem·

314 3983 493 4048 clesiasticis
507 4003 578 4047 cum
592 4003 678 4064 cora,
697 3993 728 4050 et
746 3987 812 4049 sinc
834 4005 908 4050 oure
927 3988 1081 4052 waslari-
1133 3986 1197 4048 bris
1219 4005 1302 4050 anno
1325 3989 1489 4052 millesimo
1510 3992 1738 4055 sexcentesimo
1752 3987 1892 4070 vigesimo

313 4077 372 4139 bus
405 4081 438 4140 et
467 4078 663 4160 regularibus
695 4080 746 4164 (ad
777 4081 909 4145 Quam
940 4082 1080 4164 ipsorum
1133 4085 1232 4158 sexte,
1256 4101 1350 4163 mam
1372 4085 1527 4148 Sanctitas
1550 4085 1613 4148 Sua
1635 4085 1669 4148 iu
1691 4083 1844 4155 omuibus,
1865 4084 1891 4138 et

313 4171 463 4235 duntaxat
482 4190 546 4234 uon
563 4179 668 4238 autem
691 4174 823 4237 aliorum
850 4193 922 4238 cum
951 4177 996 4239 eis
1018 4176 1081 4239 dis·
1131 4197 1189 4258 per
1204 4183 1308 4243 omnia
1322 4183 1484 4263 approbat.
1501 4183 1681 4244 Decernous
1702 4180 1748 4241 sic
1769 4177 1801 4240 iu
1820 4191 1892 4256 pra·

312 4265 506 4345 positionem,
531 4284 588 4329 seu
608 4269 893 4349 presentationem,
922 4271 974 4333 uel
1000 4271 1080 4334 eleo·
1131 4275 1234 4338 missis
1249 4277 1393 4339 omuibus
1414 4296 1471 4358 per
1491 4293 1705 4358 quoscunque,
1726 4281 1801 4351 etc..
1818 4269 1891 4350 judi·

310 4359 439 4438 bouem,
469 4378 527 4424 uae
552 4363 646 4424 etiam
668 4381 740 4426 cum
767 4364 906 4441 consilio,
936 4367 985 4430 val
1005 4385 1077 4430 cou-
1131 4369 1336 4451 cendebaeo,
1352 4371 1535 4449 acirritum,
1551 4377 1637 4434 etc.o

311 4468 425 4529 sensu,
461 4472 517 4517 seu
557 4455 730 4520 interventu
768 4458 993 4538 capitulorum,
1027 4462 1077 4523 vel
1280 4516 1285 4528 .
1349 4516 1354 4528 .
1386 4516 1393 4530 .
1615 4515 1622 4529 .
1662 4515 1670 4528 .
1799 4511 1806 4525 .

309 4545 461 4623 aliorum,
494 4555 547 4611 aut
579 4551 656 4612 alias
683 4551 921 4635 pertinentibus)
947 4574 1017 4637 quse
1044 4557 1077 4621 in
1202 4514 1531 4624 mmmmm?
1547 4515 1826 4621 Rimmcm'

309 4643 402 4704 antea
429 4641 461 4701 iu
483 4643 644 4706 mensibus
664 4643 825 4724 februarii,
846 4646 962 4726 aprilis,
982 4649 1074 4729 junii,
1415 4609 1611 4693 ‘mmm‘

307 4735 444 4815 augusti,
465 4737 625 4817 octobris„
648 4741 680 4801 ct
705 4739 880 4803 decembris
907 4747 993 4806 extm
1016 4761 1076 4810 cu·
1171 4745 1219 4806 to.
1246 4747 1350 4808 cltum
1363 4745 1461 4808 voluit
1475 4745 1559 4808 idem
1572 4745 1609 4806 D.
1632 4746 1669 4808 N.
1692 4745 1790 4825 Papa,
1815 4739 1889 4822 quod

306 4828 385 4890 riam
416 4829 516 4910 ipsam
545 4845 656 4892 vacare
687 4833 851 4912 contigerit
892 4835 1074 4914 (dummodo
1128 4853 1275 4900 concessa
1288 4838 1412 4919 pertcl.
1427 4857 1529 4902 recor.
1544 4840 1760 4902 innocentium
1781 4837 1889 4899 duode-

306 4920 382 4982 alias
409 4920 602 5003 dispositioni
629 4925 804 5004 spostolicae
831 4944 999 5009 reservata,
1022 4931 1073 4995 vel
1126 4930 1244 4994 cimum
1270 4932 1536 5014 predecessorem
1566 4951 1672 5010 suum,
1704 4939 1737 4994 et
1769 4929 1810 4993 de
1831 4929 1888 5007 ejus

303 5012 418 5077 affecta
431 5033 494 5077 non
507 5015 633 5096 fuerint)
652 5015 748 5080 libere
771 5018 956 5100 disponendi
975 5023 1073 5086 iacul-
1125 5026 1274 5089 mandato
1289 5027 1494 5108 expedientur
1512 5027 1544 5090 iu
1566 5027 1667 5090 torma
1687 5025 1812 5090 Rationc'
1828 5041 1886 5084 cor·

303 5113 398 5170 tatem
412 5114 552 5188 tempore
566 5109 614 5170 sui
628 5111 826 5188 pontificatus
839 5119 960 5176 mutum
978 5115 1073 5180 dura·
1124 5119 1218 5200 pacit,
1235 5125 1294 5183 etc.
1311 5121 1370 5184 sub
1384 5121 1434 5186 die
1448 5121 1659 5184 coronationis
1667 5137 1745 5195 sue,
1755 5127 1794 5182 nt
1801 5113 1885 5178 mods
1904 5169 1905 5174 ,

302 5207 404 5262 mrum
418 5200 581 5264 concessit.
595 5203 640 5264 Ac
655 5202 749 5266 edam
762 5206 868 5282 voluit,
885 5215 919 5272 ut
932 5209 957 5270 si
970 5210 1029 5290 ipsi
1039 5211 1071 5273 in
1125 5222 1182 5291 est,
1198 5218 1231 5277 et
1244 5213 1327 5276 idem
1342 5215 1446 5296 quoad
1465 5233 1612 5279 concessa
1636 5231 1692 5296 par
1713 5213 1781 5294 pius
1799 5223 1882 5272 mem.

301 5291 477 5369 cubatione,
490 5303 545 5360 aut
558 5297 619 5358 alia
632 5295 832 5378 dispositione
846 5301 1070 5367 beneficiorum
1123 5308 1334 5370 Alexandrum
1348 5309 1499 5374 Octavum
1512 5307 1607 5372 etiam
1628 5306 1882 5389 predecessorum

300 5384 332 5444 in
359 5385 427 5448 aliis
452 5403 508 5450 wseru
535 5389 716 5467 mensibus,
746 5391 890 5458 videlicet
911 5397 1067 5475 januarii,
1122 5419 1214 5464 suum
1228 5403 1270 5466 ad
1282 5422 1337 5468 sex
1357 5421 1482 5470 menses
1502 5405 1664 5483 duntaxat,
1688 5403 1729 5465 ab
1751 5403 1816 5482 ipso
1835 5393 1880 5456 die

300 5477 414 5557 martii,
428 5479 513 5556 maii,
535 5480 616 5562 julii,
633 5484 829 5566 septembris,
845 5490 878 5552 et
890 5489 1068 5554 novembris
1122 5496 1336 5562 coronationis
1350 5499 1543 5581 incipiendae
1566 5495 1723 5564 observari
1743 5489 1846 5560 voluit.
1863 5505 1878 5544 v
