4064 6062
515 242 602 324 su.
624 237 675 306 ns
695 233 981 308 mruouinosn
1000 237 1368 320 usrenunuronuu
1391 237 1475 306 nro.
1689 240 1746 304 us

146 380 287 456 oportet
306 395 480 458 congruum
501 375 652 438 adhibere
675 374 905 438 distinctionem
922 392 930 450 ;
985 373 1235 439 detuudietion.
1250 397 1329 438 omn.
1338 375 1438 458 judic.
1454 379 1517 440 Nec
1540 373 1630 456 urget
1650 382 1753 440 textus

145 471 273 534 unde:
986 467 1018 530 in
1031 469 1063 532 d.
1079 470 1100 530 l.
1116 469 1292 532 Burbciius.
1308 471 1340 532 ff.
1360 469 1395 531 de
1417 469 1506 552 Offie.
1529 478 1652 552 prtetcr.
1673 471 1752 531 Nam

193 566 270 626 267.
287 563 327 626 Si
337 563 470 626 notuius
482 561 532 624 ille
546 561 697 646 patenum
717 560 802 623 ludet
816 558 933 623 titutum
986 563 1028 624 ibi
1043 563 1203 642 precessit
1215 564 1375 644 deputatio
1385 565 1526 628 Barhsrii
1541 565 1623 626 servi
1635 565 1665 625 in
1675 581 1754 644 prs·

145 655 319 718 catus-ctum
332 657 380 716 sui
390 655 495 737 officii,
518 655 614 718 naun
635 657 827 718 instrumenta
846 652 883 716 uh
902 670 934 714 eo
958 721 961 728 ,
986 659 1086 716 torem
1099 653 1182 716 teate
1195 655 1235 717 ab
1249 673 1298 733 eo,
1314 657 1365 735 qui
1380 659 1504 738 poterat
1517 675 1590 720 eum
1608 656 1674 735 ipso
1688 654 1751 716 dis-

147 749 302 830 consuto.
324 783 364 796 --
383 750 477 830 Resp.
497 751 521 811 l.
544 754 605 813 Aut
625 747 765 811 notanus
779 749 830 810 ille
843 753 935 829 puta·
987 764 1130 826 pensare,
1152 755 1187 810 ut
1207 749 1343 828 loquitur
1362 753 1486 826 textus3
1516 751 1621 829 sieque
1645 747 1752 810 habuit

147 841 252 920 tirus,
264 841 699 916 etcoufieieusinstrumcuts,
708 837 933 904 habettitulum
989 839 1111 902 titulum
1126 841 1236 904 saltem
1248 843 1432 920 coloratum,
1447 861 1485 904 ac
1499 841 1628 924 proinde
1642 841 1751 902 merito

147 933 334 996 coloratum
348 933 397 996 sui
410 934 502 996 officii
516 935 600 1014 (quis
610 935 757 997 nimirum
771 933 932 994 tuiteous-
990 934 1030 995 oh
1057 953 1255 998 communem
1283 936 1445 999 utilitatem
1468 938 1661 1000 sustinentur
1682 939 1752 996 seta

56 1067 61 1072 -
147 1026 231 1088 titus
245 1045 266 1088 a
286 1028 457 1106 superiore,
480 1027 536 1089 sed
556 1035 684 1108 propter
702 1025 857 1090 occultum
878 1023 935 1086 de-
986 1027 1079 1090 illius.
1108 1029 1203 1092 Secus
1227 1029 1337 1092 accidit
1358 1031 1390 1092 iu
1413 1032 1472 1093 hoc
1494 1049 1579 1106 casu,
1606 1029 1659 1091 ubi
1683 1028 1752 1108 quis

147 1105 278 1180 iectrun
290 1137 356 1180 uon
369 1119 470 1200 potuit
492 1119 554 1182 tsle
574 1119 710 1180 officium
732 1117 860 1190 habere,
884 1115 934 1178 vel
987 1122 1106 1184 nullum
1121 1125 1247 1186 omuino
1262 1123 1356 1186 habet
1371 1124 1494 1188 titulum
1507 1123 1680 1187 coloratum
1693 1137 1750 1182 uo·

147 1213 241 1274 istud
255 1213 364 1274 denuo
385 1214 529 1294 perdidit)
551 1215 582 1274 et
601 1212 708 1274 velent
728 1210 933 1273 instrumenta
986 1217 1135 1290 tariatus3
1152 1218 1209 1278 scd
1223 1216 1424 1297 semetipsum
1438 1217 1627 1298 huic-officio
1646 1213 1750 1294 iuges·

148 1306 197 1366 ab
210 1323 251 1368 eo
267 1305 420 1369 contecta.
437 1307 499 1368 Aut
511 1325 575 1369 nou
592 1305 688 1368 hebet
704 1303 829 1366 titulum
849 1301 934 1364 0010-
987 1308 1037 1386 sit,
1052 1309 1139 1372 nulls
1152 1309 1348 1390 precedente
1366 1312 1549 1374 auctoritate
1569 1306 1749 1389 superioris

149 1402 278 1474 mium,
300 1417 339 1460 <³0
353 1399 437 1480 (111ῠᾶ
451 1407 612 1480 nunquam
625 1397 718 1460 fuerit
738 1403 861 1458 creatus
874 1410 932 1455 no·
986 1404 1036 1467 rel
1050 1405 1139 1468 titulo
1154 1406 1264 1468 saltem
1281 1405 1430 1468 colorato.
1456 1403 1651 1466 concordant
1670 1401 1752 1464 dictu

150 1493 257 1554 tarius
272 1512 331 1574 per
342 1493 513 1556 habentem
526 1498 723 1572 potestatem,
735 1489 790 1552 sed
801 1489 933 1570 ipsemet
986 1499 1130 1578 nuperius
1144 1499 1195 1561 cir,
1210 1499 1257 1562 tit,
1272 1501 1295 1574 1,
1311 1499 1329 1578 ς
1343 1501 1374 1575 8,
1390 1519 1421 1560 ῃ,
1440 1501 1510 1562 199,
1525 1503 1557 1560 et
1570 1499 1639 1558 200,

151 1605 225 1650 80oe
250 1589 418 1668 ingesserit
440 1589 513 1650 huie
535 1588 651 1662 Officio,
665 1585 713 1650 'ei
738 1605 802 1648 non
829 1585 933 1646 taleni
1026 1595 1095 1656 270,
1119 1591 1324 1674 Confimmtur
1347 1591 1398 1654 1200
1419 1591 1513 1673 ipsum
1536 1588 1686 1670 exempli&
1712 1619 1752 1638 .-

151 1684 315 1762 ejnsmodi
329 1685 543 1746 instrumente.
560 1679 823 1764 Speeulstcr'eod.
840 1679 886 1741 til·
897 1677 932 1740 de
986 1685 1194 1749 Confirmstur
1215 1705 1222 1748 ε
1244 1687 1317 1766 quie
1341 1686 1481 1748 similiter
1503 1685 1534 1747 in
1548 1683 1616 1746 aliie
1630 1682 1751 1746 ossibus

151 1775 423 1838 dms-umentorum
449 1777 583 1839 etiamne.
618 1776 637 1855 ἕ
670 1773 785 1836 Restat.
820 1769 930 1834 cidere.
986 1785 1074 1860 gesta
1088 1779 1192 1852 abeo,
1208 1780 1261 1858 qui
1275 1777 1665 1856 nullumhabuittitulum,
1687 1795 1750 1838 uon

152 1867 932 1948 nesfflsudusind.1.Bartarius.§sstper
984 1871 1241 1950 valentz‘uteap.
1256 1872 1416 1954 edeltep.
1425 1872 1494 1955 jur.
1511 1871 1544 1934 in
1564 1875 1594 1935 6.
1616 1878 1674 1934 etc.
1697 1870 1776 1938 Ee.

152 1964 208 2026 llec
219 1975 307 2047 puto,
322 1967 354 2028 ff.
371 1965 408 2028 de
422 1964 510 2046 offic.
522 1975 648 2048 mutor.
657 1984 672 2043 ,·
681 1963 787 2028 Abbss
802 1980 830 2024 c.
846 1959 931 2022 Sicut
983 1965 1192 2047 frequentibus.
1208 1965 1243 2028 de
1254 1966 1385 2029 Institut.
1405 1965 1459 2027 ubi
1474 1963 1633 2044 occupatio
1654 1963 1751 2025 hene-

152 2065 193 2119 te.
207 2077 244 2120 n.
261 2063 312 2122 st.
328 2059 375 2122 Ne
387 2059 487 2122 clerici
498 2059 545 2121 cet
557 2057 701 2135 monaehi,
714 2065 769 2119 ete.
775 2075 790 2135 ,·
803 2053 931 2134 Pirlriug
983 2060 1126 2122 ficiorum
1140 2061 1206 2122 siue
1221 2061 1411 2124 institutione
1425 2055 1574 2123 canonica
1583 2076 1647 2120 nou
1657 2058 1747 2135 valet,

152 2151 187 2212 h.
198 2158 223 2214 t.
243 2172 276 2212 u.
294 2155 344 2216 l3.
360 2153 480 2216 Zoesius
493 2153 539 2216 tit.
556 2151 593 2215 de
606 2150 681 2214 Fide
694 2151 878 2211 instrument.
893 2145 927 2208 fl.
984 2171 1047 2214 nou
1070 2153 1212 2216 obstante
1240 2153 1465 2218 consuetudine
1492 2153 1666 2227 contraris,
1693 2169 1750 2213 seu

153 2266 187 2308 n.
211 2252 255 2323 tr
280 2249 378 2312 tason
399 2247 431 2312 d.
454 2249 477 2310 l.
501 2247 677 2322 Bortcrius,
703 2264 735 2308 u.
759 2249 811 2319 rc,
836 2244 869 2304 ff.
894 2240 931 2304 de
984 2265 1089 2310 errore
1104 2247 1274 2310 communi.
1296 2247 1442 2310 Similiter
1460 2265 1523 2308 nou
1539 2245 1645 2308 ualent
1661 2249 1749 2326 gesta

154 2341 249 2422 Otfie.
269 2351 410 2424 pretor„
431 2343 531 2406 citans
544 2343 633 2416 elios,
655 2347 749 2420 atque
763 2339 846 2421 hane
859 2353 931 2398 seu·
984 2345 1024 2406 ab
1038 2361 1087 2422 eo,
1105 2343 1156 2422 qui
1172 2341 1330 2406 communi
1349 2341 1495 2421 opinione
1516 2341 1680 2420 reputetur
1700 2342 1747 2398 tu-

153 2433 287 2494 tsutism
303 2435 465 2516 appellans
486 2451 591 2496 verum
614 2434 645 2496 et
666 2447 874 2505 communem,
898 2431 931 2492 et
984 2440 1044 2511 lor,
1068 2453 1141 2498 oum
1162 2453 1225 2498 uon
1248 2435 1299 2509 sit,
1322 2435 1344 2498 l.
1367 2437 1403 2498 ll.
1425 2434 1457 2496 ff.
1482 2433 1525 2496 De
1546 2450 1589 2506 eo,
1617 2429 1670 2512 qut
1693 2447 1749 2510 pro

154 2527 313 2606 intrepide
326 2525 505 2590 tenendam.
526 2525 724 2588 Concordsut
740 2522 823 2586 dictu
837 2539 928 2602 supe·
984 2537 1087 2606 tutore,
1104 2537 1163 2594 cte.
1180 2529 1306 2592 Accedit
1319 2531 1421 2590 textus
1435 2530 1562 2607 apertus
1585 2524 1619 2584 in
1640 2524 1664 2585 l.
1687 2522 1748 2584 Ac·

154 2617 220 2680 rius
234 2619 283 2680 iii-
299 2621 324 2682 l·
339 2617 375 2680 de
387 2617 524 2680 ludicii!-
538 2618 597 2698 §8¹
607 2635 639 2680 ss·
657 2621 715 2681 iiiii
730 2623 761 2679 θῑ
775 2633 862 2696 seqq·
875 2614 929 2678 ubi
984 2625 1102 2688 turries.
1116 2625 1223 2704 juncta
1238 2622 1346 2684 Glossa
1359 2619 1413 2682 fin.
1439 2639 1465 2684 s.
1490 2618 1526 2682 de
1549 2615 1747 2682 Numeruru's.

154 2713 187 2772 in
201 2711 297 2772 simili
310 2711 476 2775 resolvitur
489 2711 618 2790 questio
634 2711 685 2772 illa
702 2729 710 2770 :
730 2710 864 2772 «Utrum
879 2726 930 2771 ra·
983 2717 1153 2792 Aetnaeae,
1178 2722 1237 2780 etc.
1261 2715 1283 2777 l.
1307 2715 1375 2788 llll,
1399 2712 1453 2775 uhi
1475 2711 1561 2774 irrite
1583 2713 1749 2772 censentur

153 2807 241 2868 ¹0³¹ss
254 2813 347 2886 80818
359 2823 417 2885 1²01·
427 2805 565 2884 illdifflm
578 2804 771 2885 putativum?
785 2825 801 2864 θ
984 2818 1072 2893 geste
1086 2811 1126 2874 ah
1141 2808 1292 2885 actuario,
1309 2807 1420 2888 etipse
1434 2805 1552 2868 taciens
1570 2803 1706 2884 punitur,
1722 2797 1747 2862 si

193 2903 267 2964 268.
284 2899 433 2982 Eturjus
446 2899 697 2962 ratio-Prima
710 2915 783 2977 pars
796 2898 930 2978 patetex
983 2919 1047 2966 non
1068 2903 1161 2964 tuerit
1187 2899 1360 2962 secuudum
1383 2894 1640 2960 cousuetudinem
1661 2899 1747 2954 aute·

153 2993 208 3055 cit.
233 2992 256 3056 l.
281 2991 456 3054 Beuum.
482 2992 515 3054 ff.
540 2989 576 3054 de
600 2988 688 3072 Offic.
709 2997 928 3070 peteremque.
983 3013 1076 3076 quam
1092 2996 1264 3061 ordinatus.
1595 3047 1604 3068 ,

153 3102 304 3165 “rim
318 3073 456 3166 ¹⁰‘Ii15i11r
468 3085 507 3147 (¹⁰
522 3102 609 3160 0⁸⁸⁰,
632 3081 665 3143 in
686 3100 749 3162 ‘1¹1⁰
770 3082 931 3162 Plffissssssflii
1023 3093 1091 3154 stt.
1115 3088 1278 3152 Solvuntur
1294 3087 1422 3148 rationes
1443 3079 1609 3146 dubitandi.
1633 3077 1748 3163 Eupli·

154 3179 269 3240 electio
284 3177 415 3258 alicujus
428 3179 461 3239 in
480 3185 659 3258 pretorem,
682 3177 734 3257 qui
750 3195 767 3238 s
783 3182 870 3256 parte
884 3175 928 3238 rci
983 3191 1068 3246 cetur
1081 3190 1177 3246 textus
1191 3181 1223 3243 in
1237 3180 1264 3244 Ι..
1274 3179 1450 3254 Barbarius,
1465 3177 1502 3258 ll.
1517 3176 1556 3238 de
1570 3175 1655 3237 Offic.
1673 3192 1749 3255 prae-

152 3272 284 3350 quidem
298 3273 390 3336 suerii
403 3272 548 3335 inhabilis
563 3273 645 3349 (erat
659 3272 743 3334 essim
756 3289 868 3334 Servus
880 3268 929 3332 ill·
982 3278 1159 3344 ton-Nec
1173 3276 1297 3339 obstant
1310 3274 1446 3338 rationes
1460 3271 1622 3334 dubitandi
1631 3287 1664 3330 n.
1675 3271 1745 3334 265.

152 3365 282 3446 gitirus)
296 3367 454 3428 communi
474 3369 581 3430 tumen
601 3366 762 3430 homiuum
782 3364 928 3444 opinione
982 3369 1014 3432 iu
1028 3367 1216 3432 contrarium
1230 3367 1342 3430 eliste.
1357 3365 1426 3426 Non
1445 3363 1571 3444 quidem
1592 3367 1696 3424 textus
1716 3364 1747 3422 iu

152 3457 359 3536 reputabatur
371 3457 462 3537 liber,
479 3463 572 3537 atque
582 3458 623 3520 sd
632 3457 840 3520 exercendum
851 3455 927 3518 illud
981 3462 1033 3525 cit.
1048 3462 1069 3524 l.
1086 3460 1262 3526 Barbarius.
1278 3459 1312 3523 u.
1326 3458 1361 3522 de
1374 3459 1463 3540 Offic.
1475 3465 1596 3540 pretor.
1613 3455 1685 3534 quis
1705 3453 1747 3515 ibi

152 3551 294 3614 ⁰ffit³i11m
307 3551 439 3626 habilis;
460 3553 566 3632 tictlssss
586 3552 627 3614 01)
644 3550 802 3632 publicam
819 3549 927 3631 reipu-
981 3557 1145 3620 interuenit
1157 3555 1266 3618 titulus
1281 3554 1455 3616 coloratus:
1481 3569 1518 3614 sc
1541 3550 1650 3614 electio
1670 3549 1745 3610 Bar·

152 3643 245 3706 biit&
270 3643 444 3723 utilimum,
469 3651 502 3708 el
522 3663 563 3734 nc
586 3644 720 3722 innoxii,
744 3644 797 3725 qui
821 3661 926 3708 coram
980 3649 1058 3713 barii
1072 3649 1153 3712 servi
1166 3649 1198 3714 iu
1217 3655 1384 3730 Praetorem
1398 3655 1432 3710 ut
1450 3645 1587 3727 proxime
1608 3643 1744 3716 dictum3

151 3736 322 3816 ipsoboua
340 3738 402 3802 tide
422 3745 565 3820 egerunt,
586 3739 736 3800 damnum
756 3737 925 3819 patentur,
981 3760 1071 3806 secus
1085 3743 1117 3804 iu
1135 3748 1242 3806 nostro
1265 3759 1352 3820 cusu,
1376 3739 1431 3806 ubi
1453 3737 1647 3822 supponitur,
1674 3735 1747 3798 titu-

153 3832 349 3894 sustiuentur
371 3835 442 3896 actu
461 3833 568 3914 ipsius,
593 3833 661 3912 ipso
678 3833 749 3911 Jure
769 3830 927 3894 communi
979 3836 1045 3898 lum
1060 3836 1230 3898 coloratum
1243 3835 1354 3896 abesse
1368 3832 1401 3894 iu
1419 3835 1550 3908 notario,
1565 3849 1637 3894 cum
1652 3848 1684 3892 se
1699 3829 1746 3910 ip-

152 3925 202 3986 sic
215 3925 400 4004 disponente
417 3943 425 3986 ι
445 3924 529 3986 idem
544 3943 618 4004 ergo
632 3923 799 3986 dicendum
812 3923 852 3984 de
870 3939 928 3984 uc—
980 3942 1051 3994 sum
1064 3928 1165 3992 officio
1180 3929 1231 3992 teli
1246 3927 1420 4008 ingesserit.

153 4017 247 4093 turio,
262 4017 398 4082 habente
416 4019 541 4082 titulum
561 4018 730 4082 coloratum
753 4016 844 4079 officii
866 4015 924 4090 sui,
1019 4029 1088 4088 272,
1111 4011 1746 4101 Enormmmunnnitiloperetur,quondo

152 4113 198 4176 eb
221 4115 388 4194 pantatem
414 4113 554 4178 rationis.
581 4115 649 4176 Hoc
670 4113 772 4194 ipsum
794 4109 928 4173 suadent
980 4113 1336 4182 mesimbriontialr's.
1352 4145 1392 4164 -
1408 4115 1516 4192 Neque
1537 4111 1640 4180 obstat
1658 4127 1743 4172 com·

152 4209 293 4271 ratim-¹⁰³
326 4207 487 4272 dubiitndi
515 4228 548 4271 11·
582 4211 642 4272 265
669 4212 702 4272 ei
734 4206 925 4278 sotietate,
980 4212 1083 4274 munis
1103 4229 1209 4274 error:
1232 4209 1305 4290 quis
1326 4207 1450 4288 quirndo
1471 4211 1560 4268 ectus
1581 4208 1691 4283 peccat
1713 4202 1745 4264 in

148 4299 271 4378 junctis
284 4317 394 4362 eorum
411 4298 628 4375 solutionibus,
647 4297 679 4360 in
699 4305 853 4379 quantum
869 4314 927 4376 pu·
981 4307 1028 4370 sni
1041 4307 1152 4383 torma,
1169 4306 1232 4368 siue
1246 4304 1370 4384 quaudo
1385 4319 1472 4364 error
1490 4303 1538 4362 est
1557 4295 1744 4360 subeuntis·

152 4397 255 4472 guent
276 4395 383 4454 contra
405 4392 535 4454 alteram
557 4397 679 4472 partem
701 4389 922 4457 conclusionis.
979 4399 1029 4474 lis,
1045 4407 1119 4462 lunc
1133 4416 1219 4461 error
1232 4395 1405 4459 communis
1418 4394 1495 4455 nihil
1513 4396 1671 4472 operatur.
1694 4392 1745 4454 Sic

153 4487 298 4566 Proxime
311 4485 488 4549 afferendis.
979 4500 1085 4556 autem
1094 4492 1129 4554 fit
1138 4493 1169 4552 in
1179 4489 1346 4572 proposito,
1359 4485 1610 4567 quiauoteriatus
1622 4489 1669 4546 est
1678 4485 1743 4546 offi-

194 4583 265 4644 259·
287 4579 388 4656 Serus,
401 4581 740 4647 timissstaiiitttium
748 4581 924 4654 mitratum,
979 4588 1062 4650 cium
1089 4584 1266 4667 publicum,
1294 4599 1353 4644 nec
1380 4584 1482 4661 potest
1503 4574 1660 4651 exerceri,
1683 4575 1743 4652 nisi

152 4673 205 4736 red
218 4675 337 4756 ipsuum
349 4693 379 4736 re
391 4675 508 4755 inpertit
522 4675 620 4758 officio
633 4675 804 4738 notoriutua.
818 4709 858 4724 --
871 4677 925 4738 Se·
979 4679 1050 4759 quis
1063 4678 1257 4758 privilegium
1270 4674 1415 4736 hebesta
1431 4690 1576 4753 supremo
1591 4669 1741 4751 principe,

152 4765 259 4828 cunda
284 4785 358 4850 pers
380 4769 530 4848 probetur
552 4787 591 4831 cx
613 4787 663 4846 eo,
688 4770 761 4850 quis
785 4773 924 4850 potestus
979 4773 1033 4833 sut
1046 4769 1096 4832 cui
1111 4770 1137 4830 is
1151 4766 1325 4848 specialiter
1338 4764 1545 4838 commiserim
1561 4781 1633 4826 cum
1647 4763 1686 4826 sit
1704 4761 1743 4830 de

151 4861 281 4924 creandi
321 4861 477 4922 noterium
513 4868 561 4924 est
586 4867 746 4926 reservata
777 4879 924 4942 supremo
978 4863 1143 4926 reservatis
1170 4860 1355 4942 insignum
1386 4875 1540 4938 supremis
1568 4857 1739 4938 potestatis.

151 4955 299 5038 principi,
318 4956 352 5016 in
365 4955 489 5036 signam
502 4948 571 5018 suae'
581 4973 736 5035 supremae
751 4953 922 5034 potestatis,
977 4959 1072 5019 Porro
1087 4953 1241 5037 possessio
1256 4951 1428 5014 notariatus
1442 4948 1519 5012 nihil
1532 4951 1626 5010 etiam
1641 4947 1740 5026 juvat,

152 5069 222 5131 arg.
239 5067 268 5112 c.
285 5049 371 5114 Cum.
387 5047 428 5112 P.
442 5049 475 5112 h.
490 5055 513 5112 t.
531 5053 562 5112 et
575 5049 671 5112 Auth.
687 5047 723 5110 de
747 5045 921 5110 tabellione·-
977 5069 1048 5114 cum
1062 5049 1101 5112 sit
1113 5065 1199 5111 mere
1214 5045 1383 5109 usturelis:
1408 5043 1573 5122 simulque,
1600 5040 1653 5119 qui
1674 5039 1742 5101 sine

152 5144 215 5206 tuo.
233 5143 338 5206 collat.
361 5145 392 5203 t.
414 5143 503 5205 Unde
523 5161 616 5205 nemo
637 5151 684 5206 est
703 5141 842 5216 tabellio,
865 5140 922 5203 uisi
976 5141 1143 5215 creatione,
1157 5159 1195 5203 ac
1208 5137 1376 5222 superioris
1390 5134 1573 5198 suetoritete
1588 5149 1622 5193 se
1641 5132 1744 5192 immi·

150 5245 279 5302 creetur
304 5258 325 5301 s
350 5239 521 5320 superiore.
551 5239 703 5315 Bartolus,
729 5237 783 5300 uhi
805 5255 918 5318 supra:
979 5234 1157 5299 scetcfflcio
1171 5233 1354 5305 notariatus,
1368 5228 1471 5309 potius
1485 5227 1630 5314 censetur
1643 5228 1742 5284 teme·

149 5337 288 5415 ideoque
308 5352 397 5397 error
416 5334 608 5414 privatorum
626 5335 718 5396 istam
733 5337 922 5412 potestatem
977 5329 1078 5392 rarius
1104 5330 1136 5390 et
1161 5327 1315 5390 violentus
1342 5326 1517 5398 occupator,
1546 5333 1609 5377 11⁰ss
1637 5321 1743 5378 &utem

148 5429 255 5492 eidem
268 5428 410 5508 prebere
423 5445 487 5490 non
501 5430 615 5510 potest,
631 5428 653 5490 l.
671 5425 874 5490 Priuetmm.
889 5443 916 5486 c.
975 5439 1143 5504 possessor.
1173 5419 1262 5482 Unde
1289 5432 1348 5478 nee
1374 5413 1477 5474 locum
1499 5407 1616 5471 hebere
1639 5412 1743 5490 potest
