4028 6068
313 233 372 295 att
619 234 689 298 utu.
714 237 749 298 ll.
771 235 981 299 nanneten.
1003 235 1075 300 Tit.
1097 235 1189 300 XXV.
1211 235 1262 298 DE
1283 233 1592 300 exacerbemus

313 368 453 449 exceptio
468 372 516 430 est
529 367 659 433 actionis
673 367 821 440 exclusio,
838 385 913 448 argo
935 369 995 430 boc
1009 369 1077 449 ipso
1132 369 1196 434 lare
1211 369 1325 451 poterit
1338 384 1412 430 raus
1426 369 1584 450 excipiens
1597 375 1629 433 ct
1642 387 1706 433 uon
1727 377 1864 453 auditus,
1884 401 1902 443 e
2007 367 2008 402 ³

314 463 427 546 poterit
440 461 507 542 ip'sa
522 462 635 541 opponi
651 481 670 523 a
684 480 749 534 reo,
766 466 874 526 cantm
888 481 983 542 quem
996 465 1078 525 ectio
1130 467 1184 530 teli
1200 469 1379 552 grammius
1394 473 1502 532 coutm
1512 467 1565 546 jus
1578 469 1722 532 naturale
1733 471 1792 536 sibi
1802 473 1899 538 illato.

314 564 362 623 est
375 559 525 635 institute,
548 558 679 638 ejusque
694 559 830 635 beerede,
851 565 957 638 utpote
979 559 1079 638 quiin
1172 564 1221 624 83.
1244 561 1390 642 Exceptio
1410 560 1585 642 reprobatur
1606 579 1664 623 nan
1683 563 1774 627 solam
1796 567 1901 642 nertin

313 655 493 716 universum
509 654 561 732 jus
584 654 653 732 ejus
674 653 823 726 succedit,
841 653 864 716 l.
886 653 961 716 Cam
974 653 1077 719 terea.
1132 672 1181 715 eea
1190 673 1247 737 per
1267 653 1435 716 sententiam
1462 652 1729 734 imeloeaeoriam
1746 658 1798 720 seel
1816 661 1903 722 elien

313 749 346 812 li.
362 747 518 812 delituere.
534 757 565 809 et
579 745 984 828 temporationem-ipim.
1014 749 1016 754 ’
1133 746 1904 831 facta,sloeullceprocedenda.-Notandumtamen
2008 803 2009 818 .

353 844 401 908 80.
431 843 591 926 Replicatio
610 841 759 924 potestat
780 843 1080 924 aetorepieriacntra
1133 843 1218 924 quod
1231 842 1371 920 exceptio
1380 859 1443 902 nou
1452 843 1554 904 solum
1562 853 1727 934 censeatur
1740 847 1904 927 reprobari
2008 829 2009 842 ¹

313 937 508 1018 exceptionem
523 935 576 1008 rei,
592 944 621 996 et
634 942 735 996 contra
752 935 834 996 illam
849 933 1015 1018 duplicatio,
1028 935 1080 996 tri·
1133 937 1246 1008 verbis,
1276 955 1332 1000 seu
1361 937 1486 1017 quamn
1514 939 1609 1016 iudex
1635 957 1693 1019 per
1714 943 1905 1006 seutentiam

313 1029 445 1113 plicatio.
474 1063 514 1078 -··
535 1029 640 1092 Potest
663 1031 770 1090 tamen
790 1029 831 1090 ab
845 1033 951 1092 actore
966 1027 1079 1090 deinde
1132 1031 1396 1094 interlocutoriam
1409 1031 1510 1108 rejicit
1522 1031 1645 1112 lipsam3
1662 1037 1719 1098 sed
1740 1034 1838 1100 etiem
1860 1038 1905 1098 ia·
2008 1079 2009 1092 .

314 1121 475 1202 replicatio
490 1130 599 1185 contre
613 1120 828 1200 exceptionem
850 1121 908 1188 rei.
932 1127 962 1184 et
982 1140 1002 1182 a
1024 1138 1079 1183 reo
1133 1127 1183 1188 cta
1206 1127 1285 1206 ipsa,
1309 1125 1373 1186 sive
1394 1125 1520 1206 quaudo
1534 1126 1641 1205 judex,
1668 1137 1838 1208 postquam
1867 1129 1904 1192 de

314 1217 481 1300 duplicatio
496 1224 603 1280 contra
617 1215 765 1295 replicem
779 1215 901 1290 actoris,
923 1223 954 1280 et
970 1235 1079 1277 rursus
1132 1220 1262 1283 veritate
1277 1219 1466 1298 exceptionis
1485 1221 1641 1298 cognovit,
1666 1239 1731 1283 non
1755 1223 1904 1286 obstame

313 1315 355 1378 ab
369 1322 473 1376 actore
494 1311 657 1392 triplicatio
680 1315 787 1373 contra
801 1309 883 1372 illius
901 1309 1075 1391 duplicam;
1133 1315 1314 1394 exceptione
1328 1313 1408 1374 ultra
1422 1313 1585 1393 procedit:
1610 1331 1684 1375 uam
1701 1317 1906 1394 procedendo
2009 1313 2010 1376 l

313 1426 351 1470 ec
362 1409 386 1470 si
401 1407 548 1486 deinceps
561 1405 796 1484 multiplicando
813 1405 951 1478 nomina,
968 1421 1078 1483 quem
1132 1407 1223 1481 ultre,
1239 1409 1330 1471 tacite
1349 1408 1530 1486 pronuntiat
1548 1408 1648 1487 ipsam
1670 1412 1904 1485 nonobstante,
2009 1477 2010 1480 ,

314 1503 367 1566 diu
381 1501 530 1566 naturalis
544 1499 684 1579 aequites,
710 1517 747 1561 ac
768 1499 919 1578 speciales
938 1501 1078 1562 locorum
1132 1521 1170 1564 ea
1183 1503 1324 1582 proinde,
1341 1501 1367 1563 ei
1388 1519 1467 1564 ecus
1490 1501 1733 1580 pronuntiando,
1748 1523 1808 1566 sen
1821 1506 1907 1569 ultre

314 1595 562 1667 constitutiones,
587 1593 651 1654 sive
672 1591 913 1655 consuetudines
934 1609 1079 1671 progres-
1132 1597 1329 1676 procedendo
1366 1596 1505 1672 amauvis
1538 1603 1678 1675 partem,
1711 1599 1787 1676 quia
1823 1601 1908 1662 torte

314 1709 383 1752 sum
396 1689 589 1760 admiserint,
603 1687 624 1750 l.
640 1689 675 1750 ll.
692 1685 816 1766 §Illud
832 1687 865 1750 li.
878 1688 910 1748 h.
929 1693 950 1750 t.
969 1689 1032 1768 et§
1047 1691 1074 1749 t.
1132 1691 1271 1769 exceptio
1286 1689 1424 1769 legitime
1439 1689 1593 1758 obstabat,
1617 1696 1718 1769 potest
1736 1692 1903 1772 appellari.

312 1783 410 1847 instit.
425 1782 463 1846 de
478 1781 667 1866 lteplr‘eation.
683 1780 803 1860 luitque
818 1781 1022 1861 practicatum
1045 1781 1076 1842 in
1131 1785 1310 1846 Dosumitur
1335 1782 1419 1847 istud
1446 1801 1484 1844 ex
1503 1801 1530 1844 c.
1553 1781 1609 1844 Ec
1629 1791 1715 1864 parte
1729 1785 1773 1847 ll.
1799 1791 1853 1848 or.
1872 1785 1907 1848 de

313 1895 341 1940 o.
358 1877 412 1940 lic
422 1885 505 1959 port.
528 1881 576 1939 tt.
594 1875 629 1937 de
641 1873 718 1937 liora
726 1882 907 1955 competente.
1131 1877 1281 1962 Appellat.
1298 1877 1360 1938 ibi:
1381 1897 1396 1934 a
1415 1875 1542 1939 ludices
1562 1877 1622 1940 bac
1641 1880 1825 1961 exceptione
1851 1897 1909 1942 ue-

353 1975 402 2038 8l.
425 1971 617 2054 Eccept‘anee
630 1976 875 2051 moccmpetentee
885 1969 956 2048 (aiei
966 1969 1079 2049 tuerint
1133 1974 1244 2055 gleata,
1256 1995 1271 2032 e
1290 1977 1349 2033 etc.
1366 1989 1404 2032 aa
1418 1975 1506 2034 notat
1520 1971 1622 2032 abbas
1637 1972 1714 2035 ibid.
1729 1992 1762 2034 u.
1778 1979 1814 2046 ²3
1833 1976 1909 2037 Bar·-

312 2065 485 2150 personales)
513 2071 631 2145 possunt
651 2063 737 2126 etlam
758 2083 777 2123 a
797 2061 966 2144 pidejeaecre
987 2063 1078 2144 epam
1131 2069 1212 2131 tolus
1226 2065 1277 2128 cit.
1294 2053 1319 2128 ls
1332 2065 1358 2127 Α
1372 2062 1551 2146 precedente.
1563 2083 1591 2126 c.
1603 2063 1818 2128 che'letionid.
1833 2085 1910 2130 enm

313 2161 430 2244 opponi.
447 2191 487 2205 -
507 2159 671 2230 Ceterum,
694 2157 778 2236 quod
801 2158 1000 2236 exceptiones
1022 2175 1077 2218 rea
1131 2163 1212 2226 aliis,
1562 2239 1563 2244 ἵ

313 2259 525 2334 competentes
539 2251 1078 2332 (dummcdauouiuerintpersona
1170 2259 1220 2319 84,
1244 2253 1438 2335 &emptiones
1473 2252 1581 2315 modici
1604 2251 1777 2333 praejudicii
1812 2263 1908 2337 potest

312 2350 369 2420 les,
382 2349 470 2425 juxte
485 2347 565 2408 dicta
580 2365 611 2406 n.
629 2349 692 2426 Π.)
705 2345 825 2426 prosint
842 2347 936 2407 etiem
954 2347 1078 2426 fidejus-
1126 2347 1223 2430 judea
1236 2345 1373 2427 repellere
1386 2366 1423 2409 ec
1444 2347 1503 2409 leci
1518 2345 1747 2428 presumptione
1766 2347 1905 2428 [medie.

313 2444 375 2505 sori
389 2443 498 2521 ipsius,
515 2441 554 2502 ab
570 2457 669 2519 eoque
685 2440 803 2519 possint
823 2441 952 2522 opponi:
976 2447 1078 2503 textus
1132 2475 1172 2490 -
1184 2442 1309 2506 interim
1327 2441 1489 2503 fatendum
1510 2447 1558 2502 est
1578 2457 1650 2502 cum
1672 2442 1857 2503 innocentio
1879 2461 1907 2504 a.

312 2537 360 2599 est
373 2535 405 2595 in
419 2535 436 2614 fi
450 2533 642 2614 deceptiones
656 2543 762 2595 autem.
775 2533 871 2596 instit.
888 2532 1076 2616 deReplieot.
1135 2537 1204 2600 l'ost
1230 2537 1404 2600 electionem.
1421 2536 1511 2598 'circa
1533 2553 1587 2597 un.
1610 2535 1647 2597 de
1667 2535 1800 2599 Canaces.
1823 2555 1907 2615 prte-
2012 2605 2013 2612 ,

313 2629 418 2692 addita
434 2647 470 2691 εε
484 2629 628 2690 ratione:
650 2647 664 2686 a
678 2627 754 2700 Ouia
773 2627 857 2705 quod
878 2647 897 2688 a
919 2627 1078 2707 fidejusso-
1133 2631 1215 2695 bend.
1242 2639 1273 2692 ει
1294 2631 1414 2692 Abbate
1438 2649 1465 2692 c.
1491 2629 1675 2710 interposito.
1691 2629 1753 2708 51.
1768 2647 1805 2690 n.
1823 2633 1855 2692 3.
1873 2630 1909 2692 de
2012 2613 2013 2642 ¹

312 2723 398 2784 ribus
413 2722 537 2802 petitur,
553 2721 585 2783 id
601 2720 640 2782 ab
659 2721 726 2800 ipso
748 2721 897 2798 debitore,
923 2722 987 2782 sive
1010 2739 1075 2799 rea,
1131 2723 1282 2807 Appellat.
1298 2724 1382 2802 quad
1392 2721 1590 2802 exceptiones
1601 2721 1713 2784 modici
1724 2722 1908 2801 praejndicii

312 2815 375 2896 peti
390 2814 531 2876 videtur:
548 2813 620 2889 quia
630 2811 891 2892 mandetijudicio
901 2813 1078 2876 redditurus
1132 2819 1233 2898 possit
1242 2817 1339 2898 judex
1352 2817 1504 2896 repellere
1519 2833 1557 2875 ex
1570 2813 1630 2876 levi
1653 2813 1908 2894 presumptione

312 2917 359 2970 est
373 2908 428 2986 cis,
445 2909 529 2988 quod
542 2907 563 2969 ii
573 2925 630 2986 pro
641 2925 678 2968 ec
687 2909 844 2972 solverint.
857 2931 871 2970 a
885 2909 1077 2971 lithocadeo
1131 2913 1260 2988 fraudis,
1276 2929 1331 2974 sau
1342 2911 1425 2991 quod
1439 2913 1560 2973 tantum
1576 2916 1773 2988 opponantur
1787 2909 1830 2970 ad
1841 2927 1913 2969 ruo-

312 3018 421 3066 rorum
436 3007 492 3076 est,
505 3008 539 3064 nt
549 3019 657 3062 omnes
667 3003 865 3082 exceptiones
880 3005 991 3074 reales,
1008 3021 1077 3083 qum
1132 3005 1262 3066 rendam
1276 3003 1374 3076 litem,
1393 3001 1452 3064 nisi
1472 3001 1577 3063 forsan
1591 3001 1623 3060 in
1640 3000 1812 3063 continenti
1835 3001 1912 3063 velit

311 3113 365 3157 reo
394 3097 584 3174 competunt,
612 3093 792 3174 fidejussori
819 3112 955 3174 quoque,
984 3097 1077 3159 etiarn
1131 3100 1201 3178 quis
1216 3115 1304 3159 suam
1320 3097 1534 3178 exceptionem
1548 3095 1692 3174 probare,
1703 3095 1813 3172 sicque
1827 3113 1910 3174 pree-

312 3185 408 3249 invito
421 3203 487 3255 reo,
503 3191 691 3264 competant,
704 3192 777 3248 text.
790 3186 863 3247 clar.
879 3188 900 3248 l.
919 3187 1074 3251 Omnem
1132 3191 1267 3270 sumptio
1289 3189 1407 3250 treudis
1429 3193 1575 3250 cessaret.
1600 3187 1688 3259 Quod
1709 3186 1734 3248 si
1752 3205 1829 3249 vero
1856 3205 1913 3248 ex-

313 3281 344 3343 b.
361 3285 382 3342 t.
398 3279 456 3343 Ubi
471 3279 578 3341 Glossa
592 3277 625 3358 ly
641 3299 648 3340 :
668 3280 793 3342 (etiam
807 3281 902 3344 invito
916 3299 982 3356 rea,
999 3303 1014 3342 o
1033 3283 1078 3345 sic
1132 3287 1234 3366 ceptio
1248 3285 1288 3347 sit
1300 3283 1405 3362 magni
1420 3281 1605 3361 prejudicii,
1617 3284 1748 3360 utpute,
1759 3281 1910 3361 exceptio

312 3372 466 3452 intelligit,
492 3371 576 3450 quod
598 3373 751 3451 ejdemodi
773 3375 987 3453 exceptionem
1001 3375 1078 3439 fide·
1132 3380 1171 3441 de
1186 3397 1248 3440 nou
1263 3377 1408 3459 petendo,
1424 3375 1474 3438 vel
1488 3374 1740 3453 prescriptionis,
1761 3392 1830 3436 nou
1851 3375 1911 3435 de-

309 3466 424 3545 jussor,
455 3463 548 3527 etiam
574 3463 669 3526 invito
696 3483 762 3544 reo,
794 3483 950 3548 opponere
964 3471 1076 3544 valeat,
1132 3473 1184 3536 bet
1198 3490 1235 3534 ea
1249 3471 1356 3551 repelli
1371 3471 1437 3532 sine
1452 3469 1628 3532 vehementi
1643 3469 1907 3548 presumptione,

311 3577 365 3620 reo
386 3564 491 3620 temen
514 3561 661 3618 manente
684 3557 716 3617 in
739 3558 859 3639 integro
882 3567 981 3638 statu,
1007 3562 1075 3624 utl.
1132 3583 1198 3646 arg.
1215 3583 1243 3626 c.
1260 3562 1449 3626 Constitutus.
1463 3565 1513 3623 tte.
1537 3559 1575 3622 de
1600 3560 1803 3641 appellatione.
1826 3567 1861 3622 et
1881 3579 1909 3624 c.

311 3649 505 3731 Defensicnes.
521 3667 549 3712 c.
560 3649 924 3716 eodcaneormntdiota
938 3657 1079 3737 superius
1133 3657 1294 3721 Saucitata.
1310 3659 1340 3719 6.
1353 3655 1397 3718 lle
1410 3655 1441 3716 in
1455 3652 1601 3735 intepram
1619 3653 1746 3716 restitut.
1771 3671 1848 3714 cnm
1871 3653 1915 3714 si-

312 3759 344 3803 n.
362 3747 409 3804 Π.
1132 3751 1270 3812 milibus.

351 3837 400 3897 82.
425 3833 496 3896 Etsi
507 3837 634 3917 acceptio
648 3835 777 3919 lepilime
788 3839 918 3922 opposita
931 3862 983 3925 per
990 3840 1077 3923 jadi-
1172 3845 1221 3906 85.
1244 3839 1342 3904 talea
1354 3847 1447 3921 potest
1459 3857 1592 3901 rectaene
1604 3838 1711 3900 maon
1731 3841 1913 3902 sententiam

311 3946 371 3990 cem
385 3947 442 3989 non
455 3927 639 4004 admittatur,
664 3939 757 4013 potest
775 3934 929 4015 appellari.
959 3937 1077 4022 Eacep-
1133 3934 1378 3999 interlocutoriam
1392 3932 1427 3995 de
1440 3951 1498 3994 nan
1514 3932 1695 3995 admittenda
1712 3933 1889 4016 acceptione
1900 3954 1913 4012 ,-

312 4020 399 4082 tiones
421 4029 489 4082 sent
508 4041 601 4098 arma,
626 4023 724 4105 clypei
743 4032 770 4086 et
788 4025 885 4090 loricae
898 4047 1023 4093 amram.
1040 4063 1079 4080 -
1132 4038 1161 4092 et
1169 4038 1267 4112 pastea
1280 4026 1432 4110 proaedere
1450 4027 1481 4088 in
1502 4043 1589 4088 caasa
1606 4026 1790 4108 principali,·
1817 4027 1912 4088 etiam

311 4115 403 4194 Rosp.
428 4115 464 4176 ll.
491 4115 521 4175 Si
546 4115 685 4196 exceptio
707 4116 845 4198 legitime
867 4123 1008 4202 opposite
1022 4145 1079 4207 per
1132 4123 1244 4186 nolente
1261 4131 1351 4204 parte
1376 4119 1550 4201 appellante.
1567 4151 1606 4165 —
1628 4119 1811 4182 Notandum
1826 4119 1915 4181 ulte-

311 4205 445 4285 judicem
467 4223 531 4266 nan
556 4207 757 4284 admittatur,
788 4219 889 4291 potest
916 4219 1075 4295 appellari.
1132 4219 1208 4294 rius,
1224 4215 1357 4296 sijudex
1376 4214 1488 4276 uiderit
1513 4231 1546 4274 se
1577 4213 1659 4274 mule
1682 4213 1911 4275 interlocutum

311 4299 354 4359 lta
369 4297 473 4358 Abbas
488 4315 555 4378 cap.
574 4300 628 4362 ult.
645 4319 676 4360 n.
699 4305 729 4362 l.
754 4301 790 4364 de
812 4303 921 4369 Libelli
938 4309 1075 4374 attalica.
1133 4311 1241 4384 luisse,
1256 4315 1311 4370 aut
1325 4307 1406 4368 mele
1421 4305 1609 4386 processisse
1622 4323 1686 4366 non
1705 4305 1910 4369 admittendo

311 4391 493 4472 speculator
508 4391 551 4454 tit.
569 4389 602 4452 de
616 4391 792 4475 Excepticn.
815 4399 833 4477 ᾗ
862 4398 927 4462 Viso
949 4404 1076 4482 quanda,
1132 4400 1348 4480 interpositam
1362 4398 1588 4478 exceptionem,
1613 4397 1699 4476 quod
1717 4397 1745 4458 is
1763 4415 1833 4459 non
1855 4401 1916 4460 ob·

252 4555 256 4564 ,
310 4498 343 4542 n.
358 4483 407 4541 t'l.
425 4484 457 4540 et
470 4497 557 4559 seqq.
574 4481 717 4545 Bastulus
733 4485 765 4545 in
778 4485 799 4548 l.
816 4489 1030 4569 Apcecedente.
1048 4515 1076 4560 c.
1133 4499 1235 4558 stante
1257 4493 1464 4573 appellatione
1483 4491 1579 4570 partis
1601 4489 1700 4572 possit
1721 4509 1815 4552 suam
1839 4510 1914 4552 sen-

309 4571 346 4634 de
381 4571 522 4634 Dilale'an.
549 4579 581 4637 et
608 4575 670 4640 elii.
697 4577 858 4657 Siquidem
878 4586 1078 4652 rationabiles
1133 4586 1262 4650 tentiam
1276 4585 1551 4659 interlocutoriam,
1572 4584 1620 4644 vel
1641 4581 1760 4644 lactum
1784 4583 1917 4666 illegiti-

310 4669 510 4748 exccptiones
539 4671 632 4734 debet
657 4674 754 4754 judex
780 4677 964 4756 admittere,
992 4681 1074 4745 Text·
1134 4695 1220 4739 mum
1235 4693 1416 4758 processum
1431 4693 1594 4747 revocare3
1612 4681 1643 4736 et
1656 4675 1739 4736 lacta
1752 4675 1802 4736 sui
1817 4694 1912 4737 erra-

309 4762 382 4824 clar.
399 4779 425 4824 a.
443 4761 497 4822 llo:
510 4755 594 4842 parte
615 4773 677 4828 tua.
709 4771 757 4830 te.
780 4769 818 4831 eie
842 4769 928 4853 Ollio.
954 4774 1075 4858 delepat.
1133 4772 1174 4833 ris
1190 4771 1393 4834 revocatione
1417 4770 1529 4851 poterit
1555 4769 1587 4829 in
1614 4767 1779 4848 principali
1811 4785 1917 4831 censo

306 4856 396 4920 Unde
425 4871 478 4916 eas
506 4871 569 4914 nan
596 4857 807 4938 admittendo,
831 4863 945 4944 injuste
969 4871 1078 4948 gravat
1133 4865 1319 4943 precedere,
1343 4865 1437 4928 etiam
1460 4863 1585 4924 nolente
1603 4866 1689 4939 parte
1711 4859 1913 4940 appellante.

308 4953 446 5029 partem,
464 4948 528 5008 sive
543 4965 632 5010 reum
648 4951 851 5031 excipientem
867 4965 975 5021 cantra
994 4969 1078 5022 acto·
1132 4960 1246 5019 Teutas
1261 4963 1306 5019 est
1322 4959 1353 5018 in
1367 4975 1394 5019 e.
1409 4955 1484 5019 Cam
1498 4949 1631 5017 cessante.
1648 4955 1697 5016 60.
1710 4952 1915 5036 deAppellat.

308 5057 389 5115 rcm;
403 5057 440 5101 eo
455 5039 539 5118 quod
553 5057 625 5101 eum
635 5043 734 5120 privet
748 5065 804 5106 sue
818 5046 955 5128 legitima
971 5053 1079 5114 deien-
1132 5052 1310 5130 etamplius
1331 5051 1468 5113 declaret
1489 5049 1597 5111 Glossa
1621 5047 1674 5108 fin.
1699 5045 1776 5108 ibid.
1800 5048 1917 5110 Abbes

307 5133 404 5211 sione,
418 5134 488 5210 juro
503 5134 636 5194 naturali
651 5135 708 5196 sibi
724 5153 872 5202 concesse
896 5147 926 5202 et
948 5143 1074 5218 debita3
1132 5159 1164 5201 n.
1180 5143 1209 5202 3.
1227 5149 1257 5202 ει
1271 5158 1356 5220 seqq.
1374 5140 1510 5200 Berbcsa
1526 5157 1557 5200 n.
1569 5141 1597 5199 l.
1611 5145 1642 5200 et
1657 5155 1747 5216 seqq.
1765 5137 1917 5219 allegans

305 5244 376 5288 cum
391 5226 589 5306 exceptiones
604 5225 666 5287 sint
681 5245 779 5303 erma,
792 5231 893 5312 clypei
918 5241 949 5296 et
970 5235 1075 5296 lancee
1132 5232 1219 5292 alios.
1237 5233 1418 5312 Speculatcr
1431 5231 1479 5294 tit.
1502 5228 1827 5311 cled'aceptionitae.§
1847 5229 1916 5292 Visa

307 5337 442 5394 reorum,
464 5319 553 5400 juxta
580 5319 720 5382 Glossem
748 5323 787 5384 ad
810 5325 924 5387 rubrio.
950 5327 981 5389 b.
1005 5331 1027 5389 t.
1045 5335 1076 5392 et
1131 5325 1305 5406 quondan.
1331 5325 1648 5399 exardescentem
1669 5324 1916 5387 revocationem

306 5409 387 5472 dicta
401 5413 542 5491 superius
557 5429 588 5472 u.
607 5416 633 5474 t.
651 5417 695 5475 Ac
708 5415 838 5496 proinde
850 5419 1077 5500 meritoappel·
1131 5421 1245 5482 debere
1259 5417 1326 5480 lieri
1342 5423 1473 5499 utruque
1487 5425 1574 5499 purte
1589 5419 1755 5498 presente,
1772 5417 1826 5479 vel
1844 5419 1913 5480 sal-
