4008 6074
340 267 399 328 ate
550 259 620 322 blB.
644 262 678 322 ll.
702 259 910 323 euenerat.
932 261 1003 324 ’11.1.
1026 261 1155 328 xxvsst.
1178 263 1227 326 DE
1248 259 1606 339 artestationibus,
1627 265 1709 328 ure.

341 397 433 460 estin
448 393 602 456 sententia
621 393 867 468 interlocutoria,
882 400 975 474 atqua
993 395 1103 476 appel-

339 489 453 550 latione
466 485 507 546 ab
527 503 564 546 ca
581 506 591 548 :
606 491 671 546 tum
686 485 759 564 quia
773 503 830 564 per
842 485 924 560 bane
937 504 1000 546 non
1015 487 1101 566 expi-

338 587 386 642 rat
401 581 536 641 officium
546 578 660 657 Judicis
673 598 692 640 a
706 587 918 660 prorespectu
933 581 1012 642 illius
1027 599 1101 642 cau-

338 693 393 751 sa,
410 673 548 752 quinimo
572 678 674 752 petest
697 672 799 734 adhuc
822 675 853 734 in
869 693 904 736 aa
920 675 1100 752 procedere,

339 766 508 828 dummodo
537 766 725 827 revocaverit
752 784 939 845 gravamen,
969 787 998 828 c.
1028 769 1103 831 Cam

339 867 471 921 cessante.
495 862 545 922 60.
574 860 606 920 h.
632 864 666 930 t.;
683 867 750 920 tum
764 861 835 938 quia
850 859 881 920 in
896 861 1102 941 appellatione

339 954 379 1014 ab
394 952 624 1016 interlocutoria
638 950 732 1014 debet
745 953 887 1033 exprimi,
902 972 995 1016 causa
1009 956 1103 1016 ratio-

339 1048 460 1116 nabilis,
486 1046 528 1108 eb
547 1065 640 1125 quam
663 1047 848 1125 appellatur,
867 1065 895 1110 c.
922 1047 963 1111 Ut
979 1047 1100 1110 debitas.

337 1145 387 1205 59.
403 1141 435 1201 b.
453 1142 475 1201 t.
499 1139 588 1202 Unde
609 1139 689 1201 sicut
712 1139 771 1201 bac
792 1157 856 1204 nen
873 1159 1021 1219 expressa
1038 1161 1102 1206 uon

337 1234 420 1295 valet
446 1232 611 1312 appellatio
639 1233 679 1294 ab
706 1233 949 1309 interlocutoria,
978 1237 1022 1298 ita
1044 1255 1103 1298 nec

337 1326 433 1388 habet
446 1326 591 1388 virtutem
604 1325 744 1388 irritandi
755 1327 1028 1405 posteainnovata,
1041 1331 1103 1392 nisi

337 1419 429 1480 fuerit
447 1417 613 1497 justificata
626 1437 633 1492 ;
648 1419 699 1480 vel
723 1420 832 1481 saltem
847 1422 1041 1500 praecesserit
1055 1423 1103 1483 in-

337 1511 446 1574 hibitio
457 1512 572 1592 judicis
585 1513 626 1575 ad
635 1531 730 1594 11111,
738 1514 827 1593 juxta
836 1521 954 1578 tentum
963 1516 1102 1595 proxime

338 1607 515 1686 allegatam.

376 1703 445 1762 165.
469 1700 620 1761 Atteatatu
631 1699 770 1780 1111111111
782 1700 973 1782 appellatione
984 1721 1003 1762 a
1015 1701 1102 1782 disfi-

336 1791 410 1865 aito,
425 1799 492 1852 suat
506 1790 666 1853 reuocando
683 1811 737 1872 per
753 1792 884 1873 judicem
900 1795 1049 1873 adquam
1063 1827 1103 1842 —

336 1885 498 1956 Quaeritur.
506 1886 555 1946 ΠΙ.
565 1885 1019 1963 Perqnemjudicemattentata
1027 1906 1102 1968 peu-

336 1979 429 2042 dente
443 1972 652 2058 appellatione
671 1977 734 2041 sint
756 1980 953 2042 revocandst
967 1981 1060 2062 Resp.
1075 1984 1098 2043 l.

336 2074 493 2136 Attentata
506 2069 662 2149 pendente
677 2071 885 2149 appellatione
897 2091 917 2132 a
928 2074 1099 2151 diffinitiva,

337 2167 410 2226 suut
423 2161 599 2224 revocanda
612 2181 668 2242 per
677 2163 815 2242 judicem
829 2163 870 2227 ad
877 2185 972 2247 quern.
984 2168 1028 2228 lta
1037 2173 1101 2228 tex-

1156 395 1229 458 velit
1242 395 1285 456 uti
1296 394 1429 474 jndioi03
1441 400 1526 474 patet
1538 415 1578 460 ex
1592 416 1619 460 e.
1633 397 1707 462 Cum
1719 411 1849 464 11111111.
1858 409 1901 468 60.

1156 489 1188 552 h.
1204 494 1227 551 1.
1243 492 1354 568 estque
1373 490 1441 570 jam
1464 490 1577 569 saepius
1600 491 1732 568 dictum,
1747 499 1903 572 prasertim

1156 601 1250 662 supra
1262 583 1280 661 ξ
1293 589 1323 646 7.
1339 601 1371 644 n.
1388 587 1457 648 129.
1473 585 1612 646 Tandem
1625 585 1750 648 diverso
1764 589 1851 650 modo
1863 611 1905 654 re-

1155 675 1297 736 vocanda
1319 692 1387 736 esse
1410 679 1561 738 attentata
1584 685 1653 755 post
1667 678 1865 752 diffinitivam,
1880 691 1905 745 et

1156 771 1306 830 attentata
1330 773 1413 846 pest·
1426 767 1689 831 interlocutoriam
1711 772 1903 846 sententiam,

1156 865 1277 922 constat
1289 878 1328 922 ex
1342 878 1370 924 e.
1386 860 1454 923 Noa
1464 861 1569 922 solum.
1586 866 1616 922 1.
1632 861 1663 922 11.
1681 867 1704 924 1.
1721 863 1796 924 116.
1809 865 1905 942 juncto

1156 954 1337 1026 summario,
1353 961 1384 1018 et
1397 955 1540 1016 docteres
1553 953 1628 1016 ibid.
1641 960 1672 1016 et
1681 955 1822 1036 proxime
1831 957 1906 1022 dictis

1155 1065 1188 1108 n.
1205 1051 1273 1109 161.
1289 1049 1359 1110 163.
1376 1053 1408 1108 11
1421 1050 1492 1110 aet.

1195 1143 1264 1202 aet.
1287 1139 1430 1221 Refertur
1450 1140 1597 1204 dometium
1618 1161 1677 1206 sar.
1690 1147 1906 1226 cmprepatioois

1155 1233 1231 1294 circa
1244 1233 1396 1296 metatam
1408 1234 1850 1316 appellationum-Quaritm
1863 1241 1903 1300 11.

1155 1325 1235 1396 Quid
1258 1328 1450 1390 censendum
1465 1328 1503 1390 sit
1516 1327 1555 1388 de
1569 1330 1694 1391 decreto
1709 1349 1772 1392 sec.
1789 1349 1906 1410 congre-

1156 1419 1288 1498 gationis
1303 1421 1385 1482 eirea
1399 1419 1562 1484 materiam
1575 1423 1818 1502 appellationum
1833 1442 1907 1486 ema·
1983 1427 1984 1506 ζ

1158 1509 1812 1594 natoillesp.Gireamateriampressantis
1827 1516 1903 1588 1111111,
1983 1563 1984 1592 ,

1155 1610 1268 1683 prater
1290 1603 1351 1666 alia
1372 1604 1522 1666 hacteuus
1543 1606 1637 1681 dieta,
1659 1615 1691 1670 et
1713 1607 1743 1668 in
1760 1615 1905 1686 posteram
1983 1601 1984 1688 ff

1155 1696 1304 1771 dicenda,
1329 1697 1484 1778 simulque
1507 1697 1549 1760 ad
1571 1699 1723 1778 majorem
1739 1701 1904 1762 eorumdem
1983 1693 1984 1758 Ϊ

1155 1787 1437 1862 confirmationem,
1453 1791 1503 1852 vel
1516 1793 1649 1852 maxime
1665 1792 1853 1854 observanda
1865 1801 1904 1854 est
1983 1851 1984 1876 ,

1155 1882 1324 1944 declaratio
1348 1901 1444 1946 sacra
1466 1885 1685 1963 episcoporum
1706 1887 1904 1966 congregatis
1983 1947 1984 1956 ,

1156 1975 1215 2046 nis,
1231 1973 1282 2036 die
1306 1977 1345 2036 16
1368 1975 1512 2052 octobris,
1535 1979 1623 2038 1600.
1650 1975 1744 2050 edita,
1768 1984 1798 2038 et
1817 1997 1835 2038 a
1851 1978 1904 2038 Cle
1983 1997 1984 2004 ¹

1155 2075 1260 2130 menta
1274 2069 1350 2130 Vlll.
1365 2069 1560 2148 approbata:
1583 2087 1717 2150 eamque
1738 2088 1793 2148 per
1815 2077 1905 2132 erten-

1155 2177 1223 2220 sum
1250 2161 1344 2223 refert
1357 2161 1527 2236 Quaranta,
1543 2163 1575 2222 in
1590 2161 1714 2223 Summo
1730 2163 1861 2224 Ballarii.
1877 2167 1901 2233 i.

338 2263 387 2316 tus
401 2255 452 2317 cit.
468 2274 495 2318 e.
513 2256 581 2318 Nou
595 2257 699 2318 solum.
715 2258 747 2318 b.
764 2264 787 2318 t.
803 2251 880 2322 116.
897 2259 938 2320 ibi
955 2280 962 2320 :
983 2263 1101 2322 aluno-
1154 2253 1377 2336 Ar·elziepr'aropi
1394 2256 1563 2318 1111111111.
1586 2257 1620 2316 in
1641 2255 1743 2319 Addit.
1767 2257 1905 2320 Piasecins

338 2353 408 2410 vata
423 2355 492 2428 post
505 2350 748 2430 appellationem
770 2351 962 2414 adiffinitiva
976 2360 1102 2415 senten-

1155 2348 1187 2409 iu
1202 2346 1497 2429 Praei-Episcopali.
1517 2354 1598 2428 part.
1615 2350 1650 2410 11.
1666 2367 1735 2428 cap.
1751 2367 1791 2412 tv.
1805 2357 1851 2410 art
1862 2353 1901 2410 15.

337 2443 380 2504 111
402 2443 609 2522 interjectam,
624 2443 739 2505 debent
762 2461 887 2523 semper
909 2452 981 2514 ante
997 2447 1103 2508 omnia
1155 2443 1857 2524 11111111ῐί11.11.5.11111.11111111,ρ1111.
1885 2449 1902 2506 l.
1983 2485 1984 2520 ,

336 2551 393 2614 per
406 2533 623 2612 appellationis
637 2534 774 2611 judicem
788 2537 911 2614 penitus
925 2539 1098 2600 revocaris
1156 2535 1267 2598 Praris
1291 2537 1398 2599 Iterum
1419 2536 1590 2600 Ecclesiast.
1618 2537 1712 2600 resel.
1730 2543 1798 2600 tlt.
1816 2543 1905 2601 Tener

335 2627 509 2692 Concordat
527 2633 629 2690 textus
644 2628 674 2688 in
688 2629 710 2690 l.
726 2628 773 2690 Ei
783 2630 877 2711 cujus.
894 2629 927 2691 11.
944 2629 978 2692 cle
990 2632 1101 2713 Appel-
1156 2630 1296 2710 ejusdem
1310 2637 1368 2705 est,
1385 2637 1419 2691 ut
1433 2631 1583 2710 sequeitur.

336 2721 437 2782 latino.
453 2719 612 2802 recipienti.
629 2720 746 2794 Abbas,
762 2722 794 2781 in
810 2741 838 2786 c.
855 2723 1099 2787 Sollicitudinem.
1201 2747 1216 2782 u
1230 2726 1276 2786 nd
1294 2725 1445 2787 tollendas
1459 2725 1691 2806 ambiguitates,
1704 2733 1736 2790 11
1749 2734 1904 2790 controver-

336 2817 386 2876 54.
403 2817 467 2875 1.1
494 2816 558 2875 net.
584 2815 614 2876 3.
631 2817 664 2875 11
678 2815 826 2885 Francus,
843 2815 917 2877 ibid.
933 2837 965 2876 n.
982 2819 1011 2878 3.
1029 2818 1060 2878 b.
1077 2825 1099 2880 t.
1156 2817 1219 2878 1111
1239 2815 1516 2896 jurisdictionales,
1541 2835 1612 2896 quse
1635 2817 1719 2879 inter
1741 2820 1903 2898 appellatio·
1983 2853 1984 2914 3

336 2907 506 2982 etSipism.
522 2905 1099 2990 8111111,1111111111111111111111.
1156 2927 1230 2970 num
1255 2913 1287 2970 et
1307 2909 1420 2986 prioris
1443 2909 1596 2972 instantia
1619 2910 1753 2989 judiees,
1777 2929 1835 2972 non
1848 2914 1902 2973 sine
1983 2915 1984 2924 ’

336 3017 368 3062 n.
386 3003 434 3063 18.
451 2999 532 3061 istud
549 2999 762 3076 extendentes,
772 3001 863 3072 adeo,
874 3009 907 3063 ut
915 3002 994 3064 alius
1005 3003 1103 3082 iudex
1156 3005 1292 3082 partium
1306 3003 1480 3084 dispendio,
1495 3023 1666 3085 cursusque
1682 3007 1808 3086 justitiae
1822 3008 1904 3086 impe-

335 3110 398 3152 non
421 3091 520 3170 possit
537 3109 727 3173 cognoscere
741 3092 781 3155 de
795 3092 951 3156 innovatis
966 3099 1037 3174 post
1050 3114 1103 3174 ap·
1136 3097 1305 3174 dimonte,
1331 3101 1363 3158 et
1385 3115 1469 3176 saepe
1490 3116 1561 3159 cum
1588 3101 1737 3162 scandale
1761 3103 1901 3172 oriuntur3

334 3185 544 3266 pollutionem,
562 3183 587 3244 si
611 3191 761 3246 attentata
784 3191 915 3261 tangant
937 3187 1101 3248 articulum
1155 3189 1251 3250 Sacra
1268 3189 1469 3270 congregatio
1489 3191 1590 3252 causis
1612 3192 1826 3271 episcoporum
1839 3211 1903 3270 prr.-

334 3278 561 3360 eppellationis,
578 3279 698 3340 etiarnsi
722 3277 782 3338 boc
803 3282 948 3355 ageretur
969 3280 1008 3342 ad
1023 3282 1102 3360 peti·
1155 3280 1267 3358 posita,
1287 3279 1369 3340 laeta
1391 3281 1477 3360 prius
1501 3282 1649 3344 relatione
1674 3286 1857 3346 1111111111).
1870 3286 1900 3344 lt.

334 3370 453 3431 tionem
474 3368 671 3448 appellantis,
688 3373 720 3430 et
736 3369 820 3430 lavet
840 3372 943 3432 textus
955 3371 988 3432 in
1003 3371 1054 3436 cit.
1070 3390 1098 3434 c.
1155 3371 1305 3434 Clementi
1327 3387 1416 3451 papea
1438 3373 1501 3434 Vlll
1530 3392 1567 3436 aa
1588 3373 1628 3435 de
1660 3376 1833 3438 sanctitatis
1849 3393 1901 3434 sua

335 3461 579 3525 Sollicitudinem.
605 3461 668 3524 Nec
690 3462 865 3525 immerito:
892 3466 1039 3544 namqui
1061 3466 1101 3528 de
1155 3466 1316 3540 mandato,
1326 3466 1500 3528 vitaveris
1515 3467 1641 3530 eraculo
1655 3469 1790 3550 desuper
1803 3471 1899 3536 habite,

336 3555 497 3635 principali
520 3555 695 3636 cognoscit,
711 3561 833 3635 petest,
850 3576 886 3620 aa
899 3557 994 3619 debet
1007 3560 1101 3621 etiam
1155 3563 1187 3622 in
1202 3563 1296 3636 hunc,
1313 3563 1366 3640 qui
1381 3564 1533 3641 sequitur,
1549 3564 1690 3639 modum,
1714 3565 1755 3624 ab
1779 3563 1901 3625 omnibus

335 3666 524 3729 cognoscere
538 3650 577 3710 de
592 3650 776 3725 accessorio,
787 3669 814 3712 c.
830 3651 1099 3717 decarminata
1156 3653 1197 3714 ad
1210 3670 1288 3732 quos
1303 3656 1440 3731 spectat,
1455 3653 1488 3714 in
1502 3656 1664 3730 posterum
1677 3655 1791 3715 servari
1805 3653 1900 3715 debere

333 3739 368 3803 de
383 3740 455 3821 Rep.
465 3741 534 3820 jer.
551 3741 582 3800 in
596 3743 626 3802 6.
643 3742 735 3819 Atqui
760 3760 854 3804 causa
874 3746 1040 3806 revocandi
1055 3753 1102 3808 at-
1156 3747 1325 3820 mandavit,
1341 3748 1374 3807 et
1387 3745 1524 3808 mandet.

334 3840 465 3906 tentata,
486 3841 532 3896 est
553 3836 728 3896 accessoria
750 3837 791 3896 ad
813 3855 941 3898 eausam
963 3840 1101 3918 appella·
1200 3860 1215 3897 a
1230 3839 1474 3919 Metropolitaui,
1499 3839 1741 3920 archiepiscopi,
1760 3841 1897 3920 primates

333 3929 437 4006 tionis,
454 3934 560 4007 utpote
575 3946 593 3988 a
608 3945 669 4006 qua
684 3929 840 4008 dependet
854 3948 941 4012 erge.
1156 3939 1209 3994 aut
1223 3931 1418 4010 patriarcha,
1434 3932 1649 4012 suffraganeos
1663 3951 1829 4012 eorumque
1841 3930 1898 3991 sub-

373 4024 442 4084 266.
464 4019 625 4081 Limt'tatar
647 4019 726 4082 istud
749 4022 780 4081 in
802 4023 887 4084 certis
916 4023 1051 4102 aestiua·
1074 4033 1102 4086 et
1155 4023 1237 4086 ditos
1251 4041 1314 4084 non
1324 4023 1477 4103 judicent,
1494 4025 1553 4086 nisi
1569 4023 1599 4084 in
1616 4025 1742 4088 casibus
1755 4027 1898 4105 11111111-

265 4181 269 4190 ,
334 4113 513 4195 paibasi-
527 4113 677 4193 lniellige‚
700 4113 758 4174 nisi
782 4115 945 4194 appellans
965 4118 1040 4178 11111
1053 4137 1103 4180 re·
1155 4117 1281 4194 pressis.

334 4209 483 4269 nunciare
506 4205 707 4287 appellationi
725 4225 731 4266 :
749 4213 783 4268 ut
799 4208 849 4270 cit.
872 4227 899 4270 c.
917 4208 1102 4272 Sollicitudi-
1201 4210 1324 4272 elidem
1348 4216 1379 4271 et
1399 4209 1467 4284 alii,
1493 4211 1592 4290 quivis
1613 4212 1801 4290 superiores,
1822 4214 1896 4274 111111

333 4322 408 4364 aem.
425 4302 496 4382 §lin
520 4304 552 4364 h.
578 4307 600 4364 t.
617 4320 654 4366 ac
668 4305 754 4362 notat
776 4301 890 4375 Abbes,
907 4308 938 4365 et
950 4305 1099 4380 Francus,
1156 4303 1272 4378 nuncii,
1290 4303 1337 4364 vel
1351 4303 1447 4384 legati
1467 4301 1507 4366 da
1521 4303 1618 4366 latere
1632 4305 1806 4384 speeificam
1819 4305 1895 4368 lacul-

334 4395 516 4467 etScaaeia,
531 4395 583 4455 ubi
599 4411 703 4472 snpra.
721 4393 776 4455 Vel
791 4395 848 4454 nisi
862 4401 1026 4472 attentata,
1041 4398 1102 4460 sint
1155 4405 1250 4460 tatem
1265 4397 1418 4475 majorem
1441 4415 1505 4458 neu
1520 4397 1684 4472 babentes,
1699 4417 1807 4460 causas
1821 4401 1899 4458 incu-

334 4485 1098 4570 notorieinjusta.Abbas,ibid.Seaccia,deusest.
1156 4492 1208 4552 riis
1232 4491 1472 4565 ordinariorum,
1495 4489 1545 4552 vel
1572 4491 1717 4565 aliorum,
1742 4492 1896 4554 interiorum

334 4582 383 4640 ll.
400 4579 594 4640 1101111.
611 4576 729 4647 Quibus
747 4578 827 4639 adde
848 4597 940 4640 casus
963 4581 1044 4655 illos,
1070 4583 1101 4643 in
1153 4585 1293 4666 judicum
1307 4584 1479 4663 pendentes
1498 4583 1538 4646 ad
1557 4603 1590 4647 se
1604 4602 1667 4646 non
1682 4585 1840 4663 advocent,
1853 4583 1895 4644 uisi

335 4668 450 4749 quibus
469 4671 539 4747 jure
562 4669 760 4748 permittente
784 4676 886 4750 potest
904 4674 1002 4753 judex
1015 4694 1033 4736 a
1047 4695 1102 4758 pue
1156 4696 1213 4757 per
1234 4676 1317 4738 viam
1336 4676 1484 4756 legitima
1499 4677 1717 4756 appellationis
1731 4677 1772 4738 ad
1784 4679 1896 4757 ipserau

335 4761 453 4842 aliquid
468 4761 626 4834 innovare,
643 4779 705 4822 non
720 4764 862 4834 obstante
881 4768 1100 4856 appellatione,
1156 4769 1322 4832 tribunalia
1344 4768 1549 4830 delerentur:
1572 4773 1710 4848 tuncque
1731 4771 1896 4851 appellantes

332 4859 421 4937 juxta
446 4855 529 4916 dicta
551 4853 644 4933 paulo
668 4857 810 4934 superius
830 4876 863 4920 n.
887 4863 957 4921 253.
981 4864 1100 4924 11151.
1156 4861 1196 4923 ab
1215 4859 1397 4923 inferiorum
1420 4861 1704 4941 jurisdictionibus,
1720 4863 1819 4942 quoad
1838 4861 1896 4920 alias

335 4951 470 5015 Ulterius
503 4949 607 5010 datam
641 4949 871 5013 conclusionem
902 4953 1040 5033 intellige
1063 4955 1102 5016 de
1157 4969 1268 5014 causas
1283 4953 1453 5014 eximinon
1467 4955 1596 5032 possint.

340 5065 354 5102 o
368 5041 577 5122 appellatione
602 5057 620 5100 a
641 5039 811 5115 diffinitiva,
826 5065 840 5102 1
864 5050 971 5124 utpote
986 5048 1025 5109 de
1040 5065 1102 5126 qua
1201 5046 1460 5126 «appellationes
1470 5064 1633 5128 nunquam
1642 5048 1834 5130 recipiantur,
1850 5043 1892 5104 uisi

337 5152 484 5216 expresse
504 5131 641 5212 loquitur
661 5151 668 5192 :
685 5151 758 5193 nam
786 5135 871 5214 quod
887 5137 985 5216 judex
1006 5159 1025 5200 a
1045 5160 1103 5221 quo
1158 5155 1213 5217 par
1234 5137 1357 5218 publica
1380 5137 1584 5212 documenta,
1606 5157 1677 5218 qaas
1698 5139 1819 5201 realiter
1828 5135 1894 5197 exbi-

335 5229 433 5308 pessit
447 5245 596 5289 revocare
618 5227 805 5289 sententiam
826 5227 1099 5298 interlocutoriam,
1157 5231 1300 5305 beantur,
1320 5231 1406 5310 prius
1428 5232 1618 5307 constiterit,
1639 5233 1892 5312 appellationema

265 5357 272 5368 ·
337 5323 368 5382 et
382 5325 612 5398 consequenter
626 5318 720 5380 etiam
736 5323 884 5382 attentata
907 5329 976 5401 pest
996 5325 1103 5404 appel·
1157 5327 1310 5389 sententia
1325 5326 1498 5402 diffinitiva,
1513 5328 1562 5389 vel
1576 5329 1711 5390 habente
1734 5321 1890 5389 vimditiiui·

337 5412 484 5474 lationem
508 5413 548 5474 ab
572 5412 682 5474 eadem
703 5411 928 5491 interpositam,
945 5417 970 5475 si
989 5416 1102 5478 saniori
1157 5418 1240 5494 tivae,
1255 5426 1309 5481 ant
1330 5420 1521 5500 gravamine,
1542 5421 1628 5500 qued
1650 5439 1706 5501 per
1726 5415 1888 5482 diffinitivam
